3775 5750
219 334 272 383 tua
724 326 903 387 thoat'ttt
928 331 1043 405 (tutuo
1065 330 1209 391 sctttu‘t
1230 332 1329 407 Cllll)

268 452 380 523 τὴντῶν
396 453 439 511 δύ’
449 454 563 533 ἠπείροιν
576 479 604 512 τε
616 453 684 512 κατά
696 456 772 537 μέρος
787 458 869 537 θέσιν,

268 543 296 597 ἰν
308 542 419 621 ἑκατέρᾳ
433 542 499 609 τίνες
514 543 577 599 εἰσίν
591 541 726 613 Ἑλλήνων
740 542 840 615 πόλεις,

268 629 333 695 τίνες
345 630 460 707 ἔκτισαν,
475 629 543 687 κατά
555 630 627 697 τίνας
639 629 747 711 ᾤκησαν
759 634 880 711 χρόνους,

267 714 325 780 τούς
337 718 465 791 ὁμοεθνεῖς
478 716 554 783 ὄντας
566 740 595 775 τε
605 717 663 777 τούς
678 718 700 776 τ’
714 722 889 799 αὐτόχθονας,

227 822 254 859 au
268 800 316 859 τίν’
332 802 387 861 ἔστι
402 802 575 883 πλησιόχωρα
589 804 732 885 βαρύόρων
743 808 824 883 γένη,

266 891 324 947 τίνα
338 891 455 968 μιγάδων
467 894 611 968 λεγόμενα,
626 902 688 951 ποῖα
704 896 852 973 νομαδικοί,

266 970 332 1036 τίνες
344 970 452 1051 ἥμεροι,
466 972 533 1038 τίνες
548 972 612 1029 εἰσίν
628 970 785 1039 ἀξενόντατοι

266 1056 350 1131 ἔθεσι,
364 1058 468 1138 τρόποις
482 1063 505 1116 τ’
519 1058 602 1139 ἔργοις
614 1084 641 1117 τε
658 1059 874 1142 βσρόαρώτατοι,

267 1145 323 1203 τίνα
336 1151 387 1204 τῶν
403 1151 483 1206 ἐθνῶν
494 1148 605 1225 μέγιστα
619 1150 832 1227 πολυανδρούντοί
844 1175 888 1223 τε,

227 1254 252 1293 aa
266 1234 333 1293 τίσιν
348 1236 435 1313 νόμοις
449 1236 550 1294 ίκαστα
562 1240 660 1317 χρῆται
673 1238 718 1295 καὶ
732 1238 811 1315 βίοις,

266 1327 318 1381 τῶν
331 1325 463 1404 ἐμπορίων
479 1324 528 1383 ὅσα
540 1328 564 1382 τ’
580 1324 652 1383 ἐστίν
665 1327 858 1405 εὐτυχέστατα,

265 1410 351 1479 νήσων
364 1435 394 1470 τε
407 1416 500 1469 πασῶν
512 1415 563 1470 τῶν
578 1414 642 1493 πρὸς
659 1413 789 1492 Εὐρώπην
802 1414 880 1488 θέσιν,

266 1499 324 1569 ἑξῆς
339 1524 366 1559 τε
380 1504 432 1559 τῶν
445 1500 568 1579 σόνεγγνς
584 1500 658 1581 Ἀσία
672 1498 810 1578 κειμένων,

267 1590 363 1656 κτίσεις
375 1614 403 1647 τε
418 1589 519 1647 πόλεων
534 1594 585 1647 τῶν
600 1592 626 1647 lu
640 1590 730 1657 αὐτοῖς
742 1590 900 1671 φερομένων,

227 1698 253 1736 ιιι
269 1676 358 1743 ἅπλῶς
373 1680 395 1734 θ’
411 1676 533 1735 ἀπόντων
546 1680 638 1756 ὁρικῶς
648 1676 788 1745 ’διέξοδον

265 1764 311 1821 καί
325 1764 372 1835 τὴν
385 1762 447 1836 ὅλην
462 1764 581 1845 περίοδον
594 1768 620 1823 ἐν
633 1764 727 1843 όλίγοις
740 1768 852 1847 στίχοις,

265 1844 321 1922 ich
335 1851 501 1920 κατακούσας
515 1854 547 1911 οὐ
557 1853 635 1929 μόνον
647 1854 836 1934 τερρθήσεται,

266 1938 323 2014 ἅμα
338 1940 360 1998 δ’
374 1940 490 2019 όνρελίαν
505 1940 621 1999 ἀποίσετ’
635 1939 777 2021 εὔχρηστον
794 1943 895 2020 μαθών,

265 2030 288 2085 εί
302 2030 383 2103 μηθὲν
398 2027 494 2105 ἕτερον,
506 2028 586 2109 φασί,
602 2034 652 2087 ποῦ
666 2033 724 2088 ποτ’
738 2030 793 2089 ἔστι
805 2036 866 2109 γῆς,

223 2138 249 2176 οι
265 2120 314 2174 κάν
326 2116 379 2176 τίσι
396 2118 484 2183 τόποις
498 2118 547 2187 τὴν
559 2118 673 2199 πατρίδα
690 2118 813 2195 κειμένην
827 2116 897 2199 ἔχει,

204 2209 213 2225 ⁸
263 2204 339 2261 τίνων
355 2228 382 2262 τε
395 2204 520 2285 πρότερον
534 2204 675 2282 γενομένην
693 2205 838 2285 οἰκητόρων

264 2290 357 2350 πόλεσί
370 2316 398 2349 τε
410 2293 495 2359 ποίαις
509 2292 660 2370 συγγένειαν
673 2295 795 2375 ἀναφέρει
806 2315 814 2328 ·

264 2378 395 2437 συνελόντι
410 2376 539 2453 δἐἰπεῖν,
553 2381 613 2459 οὐχί
625 2380 672 2452 τὴν
686 2382 836 2449 Ὀδυσσέως

263 2466 465 2544 ἀναδεξόμενος,
481 2468 517 2535 ῶς
528 2491 606 2548 φασιν
619 2472 643 2527 oi
658 2475 746 2547 μῦθοι,
759 2472 873 2545 πλοίνην,

211 2578 251 2616 ιον
264 2555 308 2615 ε’πί
322 2560 369 2627 τῆς
383 2556 449 2623 ἰδίας
464 2556 493 2614 δέ
504 2560 660 2633 καταμένων
673 2560 849 2636 εὐδαιμόνως,

262 2644 321 2722 οὐχὶ
336 2644 414 2720 μόνον
427 2645 580 2724 ἑτερόρυλον
593 2646 735 2722 ἀνθρώπιον
753 2648 820 2726 βίον,

263 2736 341 2789 ἐθνῶν
354 2730 421 2788 όλων
436 2732 463 2789 δὲ
478 2730 586 2806 γνώσετ’
601 2732 669 2804 ἀστη
682 2735 727 2791 καί
740 2735 845 2808 νόμους.

263 2819 390 2878 natator
405 2818 456 2890 δ’ίη
469 2818 588 2888 σύνταξις
602 2821 809 2902 ἐπιρανέστατον

263 2907 413 2986 ἀρχηγέτην
427 2930 456 2966 σε
470 2907 613 2988 ριλιίγαθόν
630 2931 658 2966 τε
670 2911 822 2989 προστάτην

209 3018 247 3056 rus
261 2995 318 3067 ἥξει
329 2995 372 3053 διά
387 2996 479 3076 λόχους
493 2997 626 3072 ἐπιμελεῖς
638 3000 675 3063 είς
686 2998 729 3056 τὸν
744 2998 811 3076 βίον,

260 3083 291 3141 τό
303 3082 347 3141 σόν
362 3107 407 3159 τε,
426 3087 551 3162 βασιλεῦ,
562 3092 628 3142 πᾶσι
643 3084 748 3164 κηρύξει
763 3087 838 3153 κλέος

260 3172 460 3248 ὃιαπεμπομένη
473 3171 537 3252 πρὸς
549 3172 635 3252 ἕτερον
649 3176 694 3253 ἀρ’
708 3173 800 3252 ἐτέρου
813 3174 896 3232 τόπον

259 3260 369 3326 καὶτοῖς
382 3259 487 3340 μακράν
503 3261 633 3340 ἀπέχουσι
647 3261 695 3332 τὴν
710 3261 851 3341 εὐφημίαν.

298 3343 369 3418 Ἤδη
385 3349 399 3406 δ
424 3373 458 3408 επ
480 3348 565 3428 αρχὴν
578 3340 632 3424 εἶμι
647 3353 694 3418 τῆς
708 3349 852 3418 συντάξεως

206 3458 244 3495 tto
259 3437 317 3503 τούς
332 3445 489 3516 συγγραφεῖς
504 3437 653 3511 ἐκθέμενος,
666 3427 702 3504 οἷς
719 3437 750 3510 δὴ
766 3439 901 3518 χρώμενος

258 3525 301 3582 τὸν
318 3524 447 3604 ἱστορικόν
464 3527 499 3591 εἰς
513 3525 601 3583 πίστιν
614 3525 765 3599 ἀναπέμπω
779 3526 872 3603 λόγον’

257 3615 295 3691 τῷ
309 3613 356 3681 τὴν
370 3611 536 3691 γεωγραφίαν
550 3611 603 3692 γάρ
616 3613 813 3688 ἐπιμελέστατα

258 3700 418 3778 γεγραρότι,
431 3703 484 3764 τοῖς
496 3723 524 3756 τε
541 3700 652 3775 κλίμασι
667 3701 776 3766 καὶτοῖς
792 3701 938 3780 σχήμασιν,

258 3784 440 3863 Ἐρατοσθένει
455 3785 570 3861 μάλιστα
585 3787 828 3865 συμπεπεισμένος,

206 3895 243 3933 ιιι
258 3872 362 3953 Ἐφόρῳ
373 3895 401 3931 τι
413 3872 458 3930 καί
471 3897 508 3952 τιγ
520 3871 567 3940 τάς
579 3873 675 3938 κτίσεις
687 3874 802 3953 εἰρηκότι

258 3964 285 4019 ἐν
299 3961 375 4019 πέντε
390 3959 489 4038 βίθλοις
503 3963 631 4022 Χαλκιδεῖ
644 3962 788 4042 Διονυσίῳ,

1047 469 1184 524 ambarum
1199 472 1390 524 continentium
1405 473 1538 543 speciatim
1551 474 1648 536 situm,

1013 566 1020 577 “
1047 558 1074 609 in
1090 569 1200 629 utraque
1212 577 1271 630 quae
1283 562 1335 613 sint
1346 562 1500 613 Graecorum
1513 561 1608 624 urbes,

1046 647 1092 715 qui
1104 646 1287 711 condiderint,
1299 665 1354 718 quo
1366 649 1487 701 habitam
1497 652 1624 720 coeperint
1636 660 1770 720 tempore,

1047 736 1093 804 qui
1105 732 1223 803 ejusdem
1234 734 1323 804 stirpis
1338 736 1390 787 sint
1402 736 1484 805 etqui
1499 736 1643 804 indigena,

1047 836 1167 891 quanam
1182 823 1274 875 vicinae
1287 823 1461 875 harbarorum
1473 836 1562 891 gentes

1046 924 1105 978 quae
1116 927 1295 962 convenarum
1309 908 1401 974 elicta,
1414 910 1503 980 qudes
1516 913 1673 980 pastoritia,

1046 997 1154 1067 quinam
1168 999 1315 1063 mansueti,
1327 998 1373 1068 qui
1385 998 1437 1051 sint
1451 999 1619 1069 inhospitales
1633 1001 1750 1051 maxime

1046 1083 1178 1146 moribus,
1191 1093 1218 1135 et
1228 1085 1322 1136 animis
1335 1083 1462 1154 lactisque
1473 1086 1587 1137 maxime
1599 1085 1719 1149 barbari,

1046 1186 1105 1239 quac
1116 1179 1205 1238 gentes
1215 1172 1336 1223 maximae
1346 1180 1374 1222 et
1386 1172 1504 1223 virorum
1515 1172 1591 1241 eopia
1603 1171 1745 1242 pollentes,

1045 1272 1104 1325 quae
1117 1257 1169 1308 sint
1180 1254 1248 1325 leges
1260 1256 1369 1325 singulis
1379 1266 1405 1309 et
1416 1257 1489 1327 quod
1503 1259 1562 1309 ta'tae
1573 1275 1671 1327 genus,

1044 1345 1224 1413 emporiorum
1239 1355 1305 1415 quot
1317 1347 1371 1397 sint
1383 1344 1599 1410 fortunatissima,

1045 1430 1242 1501 insularumque
1255 1433 1336 1484 situm
1349 1434 1481 1496 omnium,
1493 1452 1552 1503 qua
1561 1432 1596 1486 ad
1607 1436 1759 1505 Europam,

1045 1528 1072 1569 et
1085 1517 1182 1571 deinde
1195 1530 1326 1589 quaesunt
1339 1521 1407 1573 λεία
1421 1522 1530 1583 ticina,

1044 1614 1071 1656 et
1082 1623 1141 1675 quar
1155 1607 1226 1658 iniis
1238 1606 1360 1659 seruntur
1373 1607 1452 1659 urbes
1463 1606 1589 1671 conditae,

1044 1691 1249 1763 simpliciterque
1259 1694 1382 1746 omnium
1393 1694 1486 1747 scitam
1497 1696 1692 1764 expositionem

1044 1788 1070 1831 et
1082 1780 1164 1832 totius
1176 1790 1252 1832 terrae
1263 1780 1404 1832 circuitum
1417 1782 1508 1851 paucis
1521 1782 1654 1843 versibus,
1864 1767 1865 1854 i

1044 1882 1124 1935 quem
1136 1865 1246 1919 audiens
1258 1884 1313 1931 non
1324 1865 1409 1919 solum
1422 1865 1603 1931 delectabitur,
1864 1859 1865 1936 l

1043 1950 1090 2005 sed
1100 1952 1216 2006 fructum
1228 1954 1306 2007 simul
1319 1952 1422 2006 discens
1433 1953 1533 2007 auferet
1544 1955 1684 2026 perutilem
1699 1974 1706 2006 ε
1864 1945 1865 1960 ’

1043 2044 1064 2093 si
1079 2042 1144 2094 nihil
1158 2041 1243 2107 aliud,
1256 2053 1286 2095 ut
1296 2044 1386 2107 aiunt,
1398 2053 1427 2095 at
1437 2042 1544 2095 ubinam
1556 2044 1589 2095 sit
1603 2055 1752 2108 terrarum,

1042 2139 1068 2181 et
1080 2129 1214 2199 inquibus
1224 2129 1287 2181 locis
1299 2130 1376 2182 sitam
1387 2128 1481 2183 habeat
1492 2132 1617 2201 patriam,

1042 2226 1069 2268 et
1082 2234 1095 2267 a
1110 2216 1269 2287 quibusnam
1280 2216 1343 2269 olim
1357 2215 1507 2281 conditam,

1042 2302 1174 2373 urbesque
1187 2301 1221 2354 ad
1233 2319 1360 2372 quasnam
1375 2303 1558 2371 cognationem
1571 2302 1689 2367 reserati

1042 2398 1072 2440 ut
1085 2387 1244 2459 compendio
1255 2399 1343 2441 sutem
1354 2388 1451 2453 dicam,
1464 2408 1519 2441 non
1533 2390 1632 2459 Ulyssis

1042 2477 1195 2548 suscipiens,
1210 2487 1241 2529 ut
1251 2478 1325 2529 aiunt
1337 2476 1446 2542 fabulae,
1461 2496 1578 2541 errores,

1042 2562 1088 2613 sed
1102 2561 1185 2614 domu
1196 2579 1305 2614 maneus
1319 2561 1409 2627 beate,

1042 2667 1095 2701 non
1106 2649 1193 2701 solum
1206 2647 1315 2701 diversae
1328 2650 1417 2719 stirpis
1428 2648 1566 2701 hominurn
1578 2650 1679 2713 vitam,

1041 2736 1086 2787 sed
1099 2737 1219 2788 omnium
1232 2736 1351 2805 gentium
1363 2734 1442 2788 urbes
1453 2735 1573 2805 legesque
1584 2747 1675 2789 noscet
1687 2782 1692 2791 .

1041 2825 1091 2877 llic
1102 2834 1189 2878 autem
1205 2824 1272 2878 liber
1283 2834 1377 2877 nactus
1388 2823 1592 2877 illmtrissimutu

1040 2911 1135 2964 ducem
1145 2922 1172 2964 ct
1185 2922 1327 2983 patronum
1341 2911 1486 2981 optimum,

1039 2998 1157 3068 prodibit
1169 3008 1248 3068 partu
1260 2997 1343 3068 probe
1354 2997 1488 3049 sublevato
1504 2998 1531 3049 iu
1542 2996 1645 3059 lucem,

1039 3095 1174 3155 tuamque,
1186 3102 1243 3147 rex,
1256 3083 1358 3136 cunetis
1366 3081 1519 3154 prcdieabit
1529 3083 1657 3152 gloriam,

1038 3173 1215 3224 transmittens
1227 3171 1256 3222 in
1265 3169 1344 3222 alium
1356 3188 1389 3222 cx
1401 3169 1452 3222 alio
1463 3169 1549 3223 locum

1038 3257 1077 3309 vel
1091 3257 1183 3329 procul
1197 3257 1304 3309 mmotis
1318 3255 1414 3308 lamam
1431 3257 1572 3327 egregiam.

1072 3351 1131 3399 Jam
1144 3363 1206 3398 vero
1217 3344 1251 3398 ad
1263 3345 1367 3397 initium
1379 3345 1535 3417 progredior
1547 3347 1652 3416 operis,

1035 3434 1175 3503 scriptores
1188 3449 1335 3502 exponens,
1350 3432 1446 3502 quibus
1458 3450 1520 3483 usus
1533 3450 1607 3497 sum,

1036 3531 1066 3572 ut
1081 3522 1108 3572 in
1121 3519 1201 3572 fidem
1215 3521 1302 3572 veniat
1315 3537 1406 3571 sermo
1413 3519 1569 3585 historicum

1035 3605 1219 3678 geographiam
1231 3607 1302 3659 enim
1314 3606 1360 3677 qui
1373 3604 1574 3675 diligentissime

1034 3696 1151 3765 scripsit,
1167 3693 1240 3765 quod
1248 3694 1354 3751 climata
1365 3704 1392 3746 ct
1405 3694 1501 3764 ligurus
1515 3706 1644 3749 terrarum
1659 3699 1768 3760 attinnt,

1034 3781 1201 3833 Eratostheni
1214 3781 1329 3833 maxime
1337 3780 1400 3832 lisus
1411 3799 1484 3846 sum,

1033 3867 1195 3937 Ephoroquc
1205 3877 1241 3932 et,
1254 3867 1299 3937 qui
1314 3864 1348 3918 de
1361 3867 1471 3919 urbibus
1482 3867 1595 3921 conditis

1034 3953 1102 4006 dixit
1112 3955 1230 4024 quinque
1240 3953 1324 4016 libris,
1337 3952 1503 4007 Chalcidensi
1517 3955 1644 4026 Dionysio
1653 3996 1662 4020 ,

1383 4114 1729 4124 ——nss———--
1739 4118 1763 4122 --

238 4199 282 4263 76.
302 4193 345 4245 δύο
363 4191 457 4246 codes.
475 4193 538 4262 11-
551 4196 595 4262 78.
611 4194 703 4264 ᾤκισαν
727 4193 839 4265 conjecit
851 4197 989 4247 Boissona·
1033 4194 1146 4263 scriptor
1172 4202 1261 4262 aperte
1284 4191 1412 4261 glorietur
1435 4193 1549 4262 optimos
1574 4193 1658 4245 sontes
1679 4205 1811 4246 auctorum

201 4273 274 4336 ditas,
294 4272 423 4343 probante
439 4273 600 4337 latronum,
620 4273 785 4344 improbante
811 4273 953 4326 Mcinekio.
975 4276 985 4343 ΙΙ
1032 4273 1042 4338 (
1057 4289 1082 4322 ν.
1101 4289 1160 4324 ιιι.
1176 4271 1219 4323 τδν
1231 4269 1353 4340 ἱστορικὸν
1369 4269 1402 4332 είς
1413 4271 1494 4324 πίστιν
1506 4270 1641 4343 ἀναπέμπω
1654 4272 1733 4342 λόγον
1743 4277 1764 4341 ).
1773 4274 1812 4324 Sic

200 4383 236 4393 -
246 4355 290 4406 80.
301 4352 364 4413 τίνες
374 4349 504 4414 lorlcod.;
513 4368 566 4423 em.
578 4355 705 4406 Letronn.
715 4383 751 4393 —
763 4354 773 4422 ΙΙ
785 4354 829 4407 83.
838 4349 986 4418 atterenda
1030 4369 1094 4404 vcro
1107 4367 1196 4402 versus
1212 4345 1350 4402 claudicat.
1364 4350 1509 4402 lenissima
1520 4353 1632 4404 mutatio
1650 4352 1720 4404 soret
1732 4370 1739 4403 :
1759 4352 1811 4420 ὡρε·

200 4449 253 4485 em.
264 4431 389 4484 Morellus
398 4451 404 4494 ς
413 4429 509 4482 deinde
518 4431 616 4501 τρόποις
624 4430 783 4501 ἔργοιςσοό.;
794 4451 847 4500 σπι,
858 4433 987 4486 Bernhar·
1030 4434 1094 4492 κῶς,
1109 4440 1261 4500 opportune,
1278 4429 1439 4500 tempestiue,
1453 4429 1503 4494 vel,
1515 4429 1588 4499 quod
1600 4430 1700 4495 malim,
1712 4431 1809 4500 ὡραην.

200 4510 355 4581 dyinllnal
386 4511 416 4564 in
429 4511 527 4580 Geogr.
543 4511 609 4562 min.
624 4527 653 4581 p.
675 4515 701 4564 θ.
727 4514 785 4580 ΙΙ-
804 4513 846 4566 85.
859 4513 883 4564 τί
899 4514 989 4565 σοινό·
1033 4505 1809 4578 ΙΙ-93.ὠρελειαντοιί.;σιιι.Μοίιι.;όσίιιἀπείσετ’οοό.;

201 4609 254 4660 μοις
268 4589 329 4643 cod.
345 4591 355 4660 tt
367 4619 404 4631 -
417 4591 461 4644 aa.
475 4588 499 4651 ἐξ
511 4581 539 4654 ἧς
553 4594 601 4641 τῶν
614 4587 686 4654 ωας
703 4608 757 4644 ωτι.
775 4592 905 4645 Hoschet.
922 4593 933 4662 tt
951 4623 989 4634 -
1029 4603 1082 4638 em·
1102 4587 1229 4640 leuonn.
1243 4587 1254 4656 l
1276 4614 1312 4626 -
1327 4591 1372 4656 st·
1386 4586 1408 4640 εἰ
1427 4584 1484 4657 οὐθ’
1503 4588 1587 4657 ἕτερον
1606 4586 1678 4652 ood.;
1698 4606 1752 4640 ενι·
1766 4590 1811 4640 ta-

200 4685 245 4736 90.
258 4666 340 4729 ἀτελῶς
355 4687 381 4720 τε
393 4667 465 4732 οοό.;
476 4686 529 4722 em.
547 4668 650 4722 Morell.
669 4670 680 4738 ΙΙ
693 4668 875 4742 -όρικῶν]
894 4671 987 4724 sicco·
1029 4668 1199 4730 trennTum
1213 4666 1285 4736 φασὶν
1294 4664 1323 4718 οὐ
1337 4665 1396 4720 πότε
1413 4686 1464 4719 εστι
1476 4666 1485 4737 (
1495 4668 1532 4719 sic
1547 4667 1556 4738 l
1572 4666 1644 4731 eod.;
1661 4685 1714 4719 em.
1730 4665 1810 4718 Krrh·

199 4744 251 4797 dex
264 4757 402 4816 corrupte;
416 4747 457 4798 ml
469 4747 555 4818 ὁρικῶς
568 4743 710 4812 lloesrhel.;
726 4746 798 4818 quod
817 4750 948 4801 contraxit
959 4751 986 4802 in
1028 4745 1092 4799 sius.
1112 4747 1123 4814 ΙΙ
1140 4777 1176 4786 -
1190 4745 1235 4814 95.
1250 4746 1295 4797 κόν
1308 4765 1356 4798 τισι
1372 4746 1445 4811 ood.;
1462 4764 1515 4799 em.
1532 4749 1661 4802 letrouu.
1675 4748 1686 4814 ΙΙ
1700 4777 1737 4786 -
1753 4761 1807 4798 102.

198 4825 311 4896 χὼρικῶς
320 4826 462 4878 Ῑνειιοιιιιο.
479 4825 521 4880 Ad
535 4845 593 4896 quae
604 4826 743 4880 Meinelte:
758 4827 915 4881 «Aduerbio
927 4829 986 4881 nul·
1028 4823 1089 4876 ἅστν
1098 4823 1172 4888 colla
1186 4843 1239 4876 em·
1252 4825 1374 4894 Scaliger·
1400 4826 1410 4894 ΙΙ
1422 4856 1458 4865 -
1470 4826 1529 4880 105·
1546 4826 1594 4887 {Est
1610 4826 1741 4895 διαδόχους
1751 4823 1808 4878 wll·

197 4905 238 4962 lus
252 4906 296 4959 hio
314 4904 386 4958 locus
399 4915 448 4958 cst.
462 4905 529 4959 Mihi
545 4905 686 4977 aliquando
700 4907 800 4978 χωρίων
817 4905 986 4962 scribendum
1028 4914 1054 4955 et
1063 4903 1139 4968 edd„
1155 4903 1227 4974 quod
1242 4921 1418 4958 sensucarere
1434 4906 1539 4959 monitit
1552 4905 1709 4960 Meiuelius.
1723 4905 1809 4958 Piero·

198 4986 352 5050 videbatur;
371 5001 445 5037 nunc
456 4985 543 5038 malim
565 4985 619 5038 lere
633 5003 639 5038 :
663 4985 746 5048 ἁπλῶς
765 4987 786 5038 θ’
802 4985 916 5038 ἁπάντων
931 4987 986 5057 ὅρια
1027 4982 1095 5048 lous,
1109 4984 1150 5036 vir
1162 4983 1236 5048 clar„
1247 4993 1354 5052 rogatus
1367 4983 1423 5037 haec
1434 4986 1573 5055 proposuit
1586 4983 1661 5050 ;.ἥξει
1672 4983 1713 5035 διδ
1723 4985 1811 5053 τάχους

198 5065 240 5118 tul
248 5064 364 5126 διέξοδον.
377 5064 472 5115 Fateor
483 5071 611 5116 tamenne
622 5064 673 5118 hoc
681 5064 789 5135 quidem
800 5064 956 5118 satisfacere.
971 5091 982 5112 ι
1028 5060 1140 5128 ἐπιτελὴς
1151 5061 1184 5124 εἰς
1197 5061 1240 5115 τδν
1253 5063 1318 5132 βίον,
1327 5062 1366 5116 vel
1378 5065 1457 5116 etiam
1469 5080 1475 5117 τ
1487 5063 1534 5127 ἔξει
1548 5065 1679 5135 διαδόχους
1687 5061 1811 5134 ἐπιμελεῖς

198 5148 285 5211 Quam
299 5141 512 5197 emendationem
526 5140 665 5196 obscuram
679 5143 769 5197 dioens
787 5144 984 5215 Bernhardyus,
1027 5144 1056 5198 τδ
1068 5143 1172 5215 βιόλίον.
1188 5143 1199 5212 ΙΙ
1209 5173 1246 5182 -
1260 5149 1320 5197 106.
1336 5147 1454 5198 τοσοῦτον
1466 5163 1493 5198 τε
1504 5144 1577 5211 cod,
1589 5164 1643 5200 eru.
1653 5145 1781 5200 larona.
1797 5144 1809 5211 [l

199 5221 366 5276 scribendum
387 5231 472 5294 putat,
493 5219 607 5276 ἁπάντων
626 5221 751 5293 ίατορικῶς
769 5222 885 5290 διέξοδον,
901 5243 985 5296 quum
1027 5255 1062 5265 --
1076 5229 1134 5278 τιό.
1150 5222 1252 5276 Χαλκίδι
1266 5223 1328 5278 cod.
