3775 5750
22 382 24 386 ·
76 364 157 444 (ηε.)
453 368 635 427 ιιιοιινιιι
659 366 777 445 (vorm
798 369 963 449 serum)
986 371 1099 433 onus
1120 372 1358 436 oracutum.

136 496 244 555 πάντων
257 495 384 573 ἐπιτομὴν
397 498 449 554 τῶν
461 494 544 576 χύδην
560 497 720 577 εἰρημένων·
914 514 1034 567 omnium
1046 515 1178 585 epitomen
1189 532 1248 586 quae
1259 514 1329 569 dicta
1340 515 1396 569 luse
1407 528 1484 583 sunt;

137 584 228 664 μέτρῳ
242 582 269 643 δὲ
282 584 380 654 ταύτην
393 582 519 643 ἐκτιθέναι
533 586 684 670 προείλετο,
913 616 991 652 versu
1005 602 1094 653 autem
1105 600 1174 654 liano
1184 618 1316 672 exponere
1329 602 1462 667 decrevit,

135 677 174 749 τῷ
189 674 300 751 κωμικῷ
312 671 353 745 δὲ,
367 674 413 743 τῆς
427 672 556 753 σαφηνίας
570 670 657 753 χάριν,
912 702 997 755 eoque
1007 688 1125 753 comico,
1140 688 1332 759 perspicuitatis
1348 690 1443 758 gratia,

91 780 122 819 σο
138 757 348 835 εὐμνημόνευτον
363 758 488 836 ἐσομένην
502 759 582 828 οθτως
594 764 671 841 δρῶν.
912 770 987 825 facile
998 774 1036 826 sic
1049 774 1178 827 haesuram
1189 773 1281 826 ridens
1292 776 1430 829 memoria.

136 847 179 908 Τὸ
192 848 214 905 δ’
229 844 317 923 ὅμοιον
332 844 427 905 ἔλαθεν
440 846 548 917 εἰκάσας
560 850 589 907 ἐκ
600 856 645 908 τοῦ
659 850 729 929 βίου·
888 853 893 862 ’
912 860 1001 912 Simile
1014 878 1076 913 vero
1087 862 1213 933 quiddam
1225 873 1360 934 eompamt
1372 882 1388 916 e
1401 866 1454 917 rita
1467 882 1583 919 sumens.

136 930 230 1014 ὥσπερ
244 934 295 1013 γὰρ
309 933 334 991 εἷ
347 956 385 1001 τις
396 934 537 993 ἀναλαθὼν
550 936 619 995 θέλοι
633 937 719 1017 φέρειν
912 948 1144 1013 Quemadmodum
1156 950 1245 1013 enim,
1257 951 1349 1020 siquis
1361 962 1508 1023 suseeptam
1521 952 1581 1005 velit
1596 952 1662 1006 serre

137 1022 223 1089 ξύλων
234 1021 384 1097 λελυμένων
400 1023 513 1099 πλῆθος,
529 1024 575 1082 οὐκ
590 1022 620 1081 ἂν
633 1026 746 1105 εὐχερῶς
911 1034 1043 1105 lignorum
1056 1036 1203 1090 solutorum
1215 1037 1334 1109 copiam,
1348 1058 1401 1092 noo
1412 1038 1487 1093 facile

136 1110 236 1169 τούτων
248 1108 398 1190 κρατήσαι,
411 1109 554 1187 δεδεμένων
570 1110 597 1169 δὲ
611 1112 721 1193 ρφδίως·
911 1142 953 1176 res
966 1127 1081 1191 cesserit,
1095 1126 1172 1195 ligata
1182 1136 1270 1179 autem
1282 1127 1355 1180 nullo
1366 1128 1455 1182 tulerit
1467 1130 1571 1199 negotio
1584 1147 1590 1182 :

91 1220 122 1257 te
135 1198 206 1255 οὕτω
216 1196 362 1273 λελυμένην
374 1194 443 1265 λέξιν
458 1197 599 1257 δναλαόεῖν
611 1200 680 1279 ταχύ
911 1211 950 1263 εἰσ
961 1211 1072 1265 solutam
1083 1213 1231 1266 orationem
1244 1214 1364 1285 excipere
1375 1214 1493 1268 celeriter

134 1286 184 1343 οὐκ
198 1284 270 1361 ἔστι,
285 1290 323 1365 τῷ
336 1284 424 1366 μέτρῳ
436 1284 463 1342 δὲ
477 1288 701 1365 περιειλημμένην
912 1314 967 1349 non
981 1297 1056 1362 lieet,
1070 1309 1096 1352 ut
1110 1316 1187 1351 versu
1199 1299 1415 1371 eomprehensam

135 1371 208 1430 ἔστιν
224 1382 367 1453 κατασχεῖν
382 1374 516 1439 εὐσκόπως
528 1374 574 1432 καί
584 1380 727 1443 πιστικῶς·
912 1384 973 1437 lieet
984 1387 1098 1439 retinere
1109 1398 1168 1459 apte
1179 1398 1206 1441 et
1216 1388 1343 1455 fideliter;

134 1460 193 1538 ἔχει
202 1458 253 1539 γδρ
268 1460 458 1541 ἐπιτρέχουσαν
472 1464 497 1519 ἐν
511 1464 591 1541 ἑαυτῇ
603 1462 690 1543 χάριν,
912 1472 992 1527 habet
1003 1476 1075 1528 enim
1087 1478 1262 1530 aceessionem
1274 1479 1302 1531 in
1316 1496 1344 1531 se
1355 1481 1457 1549 gratiae,

134 1546 201 1604 όταν
213 1546 316 1627 ἱστορία
328 1548 373 1605 καί
385 1546 452 1616 λέξις
464 1546 591 1629 ἔμμετρος
603 1552 698 1630 πλεκῇ.
911 1562 1019 1631 quando
1033 1565 1142 1617 historia
1155 1576 1181 1618 et
1194 1565 1272 1636 ligata
1283 1569 1368 1620 oratio
1380 1578 1526 1621 nectantur.
1570 1593 1573 1597 ·

85 1654 120 1694 tt
136 1636 231 1702 Κεῖνος
246 1634 293 1712 μὲν
308 1626 352 1693 οὖν
366 1636 499 1715 κεφάλαια
513 1634 683 1716 συναθροίσας
696 1636 798 1715 χρόνων
911 1648 958 1701 llle
970 1651 1050 1719 igitur
1059 1653 1145 1722 capita
1154 1670 1171 1705 ιι
1182 1670 1209 1705 se
1223 1652 1330 1706 collecta
1341 1664 1492 1725 temporum

134 1726 172 1789 εἰς
186 1722 315 1802 βασιλέως
330 1722 441 1782 ἀπέθετο
452 1722 611 1804 φιλαδέλφου
625 1722 722 1804 χάριν,
769 1714 775 1739 ”
912 1735 939 1785 in
952 1737 1019 1805 regis
1031 1737 1192 1811 Philadelphi
1204 1742 1314 1810 gratiam
1325 1743 1459 1811 reposuit;

136 1810 155 1867 ἃ
171 1810 217 1869 καὶ
230 1810 274 1869 διὰ
285 1811 373 1881 πάσης
385 1810 472 1888 γέγονε
489 1814 534 1881 τῆς
546 1810 714 1889 οἰκουμένης,
911 1838 971 1890 quae
981 1822 1088 1893 quidem
1099 1843 1148 1896 per
1159 1836 1244 1879 totum
1258 1838 1399 1880 mananmt
1412 1828 1504 1881 orbem

135 1900 267 1959 ἀθάνατον
281 1898 445 1976 ἀπονέμοντα
458 1898 534 1967 δόξαν
546 1899 664 1981 Ἄττάλιμ
912 1920 938 1961 et
950 1899 1126 1965 immorlalem
1137 1925 1265 1985 pararunt
1278 1914 1387 1983 gloriam
1399 1914 1502 1980 Attalo,

136 1991 185 2057 τῆς
198 1987 382 2066 πραγματείας
393 1986 541 2069 ἐπιγραφὴν
555 1989 683 2069 εἰληφότι.
912 1999 999 2069 operis
1011 1998 1067 2069 ejus
1082 2000 1280 2071 inscriptionem
1292 2012 1378 2055 nacto.

92 2096 121 2134 stt
136 2073 214 2151 Ἐγὼ
229 2076 251 2133 δ’
268 2074 382 2151 ἀκούων,
395 2074 461 2133 διότι
473 2078 524 2133 τῶν
536 2079 581 2133 νῦν
597 2070 726 2154 βασιλέοιν
912 2086 970 2153 Ego
982 2102 1045 2137 vero
1058 2085 1169 2139 audiens
1183 2096 1209 2139 te
1221 2106 1252 2139 ex
1265 2087 1344 2157 liujus
1357 2088 1404 2141 aevi
1417 2088 1522 2158 regibus

136 2162 218 2238 μόνος
232 2162 370 2241 βασιλικὴν
383 2162 552 2243 χρηστότητα
564 2163 730 2244 προσφέρεις,
912 2172 998 2224 solum
1010 2174 1109 2241 regiam
1121 2172 1260 2226 ostendere
1270 2173 1476 2242 benignitatem,

134 2254 231 2329 πεῖραν
246 2250 387 2328 ἐπεθύμησ’
401 2250 478 2316 αὐτὸς
489 2250 532 2309 ἐπ’
546 2254 661 2328 ἐμαυτοῦ
675 2252 766 2310 λαθεῖν
912 2257 1058 2329 periculum
1072 2260 1159 2330 cupivi
1172 2261 1227 2331 ipse
1238 2278 1285 2330 per
1296 2259 1444 2325 melanem,

134 2339 185 2398 καί
199 2338 389 2418 παραγενέσθαι
402 2338 448 2397 καί
462 2337 487 2397 τί
503 2338 625 2418 βασιλεύς
638 2340 691 2399 ἐστ’
705 2342 779 2415 ἰδεῖν,
912 2357 937 2399 et
950 2346 1055 2409 adesse,
1068 2357 1094 2400 et
1106 2346 1171 2418 quid
1183 2349 1217 2401 sit
1228 2366 1274 2400 rex
1286 2346 1390 2411 ridere,

132 2426 172 2485 ἐν’
188 2426 264 2494 αὐτὸς
278 2427 374 2505 ἑτέροις
385 2427 465 2485 πάλιν
478 2427 653 2505 ἀπαγγέλλειν
665 2426 729 2507 ἔχω.
913 2444 943 2486 ιιι
956 2435 1010 2505 ipse
1024 2433 1080 2486 aliis
1093 2452 1185 2486 rursus
1197 2436 1318 2487 nuntiare
1329 2436 1437 2506 possim.

90 2537 119 2576 nt»
135 2514 232 2593 Διδτῇ
246 2514 365 2594 προθέσει
378 2514 527 2592 σύμθσυλον
541 2514 697 2592 ἐξελεξάμην
914 2523 1055 2593 Propterea
1068 2532 1155 2593 eoepto
1166 2540 1226 2574 meo
1240 2522 1418 2575 consiliarium
1433 2521 1496 2593 elegi

133 2606 184 2664 τδν
199 2601 450 2683 συγκατορθιίνσαντα
464 2604 509 2663 καὶ
523 2608 561 2685 τῷ
575 2607 613 2684 σῷ
625 2604 706 2684 πατρί
914 2628 976 2662 eum
987 2612 1033 2681 qui
1051 2609 1159 2663 feliciter
1169 2612 1248 2663 etiam
1260 2614 1328 2683 patri
1341 2622 1388 2664 tuo

134 2691 173 2750 τὰ
187 2695 233 2763 τῆς
247 2692 380 2769 βασιλείας
393 2692 529 2771 πρότερον,
543 2696 579 2759 ὡς
591 2693 729 2768 ἀκούομεν,
913 2716 1024 2767 regnum
1035 2700 1171 2752 constituit
1181 2699 1260 2764 olim,
1274 2710 1303 2754 ut
1314 2700 1450 2765 audimus,

135 2777 215 2857 παρθ
229 2778 269 2837 σοί
283 2802 329 2851 τε,
344 2780 468 2857 βασιλεῦ,
481 2780 591 2857 γνησίως
602 2780 748 2855 τιμώμενον
914 2788 1013 2858 quique
1027 2786 1097 2859 apud
1112 2796 1152 2853 te,
1168 2806 1225 2853 rex,
1242 2806 1301 2841 rere
1315 2788 1462 2841 bonoratur

134 2867 209 2927 κατὰ
221 2866 323 2940 πάντα,
339 2866 382 2926 τδν
397 2866 549 2928 Ἀπόλλωνα
563 2868 606 2927 τθν
617 2871 721 2947 Διδυμῆ
734 2869 819 2948 λέγοι,
913 2894 961 2946 per
972 2877 1070 2940 omnia,
1087 2875 1234 2946 Apollinem
1249 2873 1310 2929 dieo
1324 2875 1506 2949 Didymaeum,

90 2982 118 3020 ου
135 2959 184 3017 τὀν
199 2958 243 3016 καί
257 2957 441 3033 θεμιστεύοντα
454 2957 499 3016 καὶ
512 2960 688 3038 μουσηγέτην.
913 2966 960 3035 qui
973 2975 1000 3018 et
1011 2976 1082 3018 rates
1093 2967 1171 3018 simul
1182 2975 1209 3018 et
1218 2967 1355 3019 Musarum
1367 2985 1461 3038 praeses
1472 2979 1522 3021 est.

132 3037 180 3106 Οθ
194 3045 226 3116 δὴ
238 3045 330 3125 σχεδὸν
343 3046 514 3123 μάλιστακαὶ
526 3049 696 3124 πεπεισμένος
915 3053 974 3105 Hoc
988 3054 1068 3122 igitur
1080 3055 1193 3106 maxime
1207 3052 1322 3123 sotejam
1334 3071 1489 3125 persuasus,

134 3133 203 3212 πρὸς
216 3131 264 3205 σὴν
278 3133 347 3192 κατὰ
361 3131 437 3212 λόγον
451 3125 504 3205 ἧκα
518 3133 623 3213 (κοινὴν
636 3135 686 3215 γδιρ
698 3137 791 3216 σχεδόν
914 3138 948 3192 ad
961 3149 1033 3192 tuam
1047 3141 1140 3210 utique
1151 3140 1242 3203 venio,
1258 3156 1337 3210 quam
1350 3157 1518 3193 oommuoem
1531 3141 1584 3194 sere

134 3229 191 3287 τοῖς
203 3223 389 3299 φιλομαθοῦσιν
402 3221 585 3302 ἀναδέδειχας)
602 3224 707 3282 ἑστίαν·
914 3224 1049 3277 literarum
1061 3225 1185 3278 studiosis
1197 3215 1347 3293 designasti,
1362 3223 1484 3278 domum.

134 3307 195 3374 θεὸς
205 3308 232 3366 δὲ
245 3307 466 3390 συνεφάψαιτοτῇ
481 3309 641 3390 προαιρέσει.
914 3313 987 3364 Deus
1001 3321 1089 3364 eutem
1102 3321 1217 3383 ooeptum
1229 3327 1318 3363 meum
1332 3309 1454 3381 adjuret!

89 3420 119 3458 os
135 3396 191 3457 Ἐκ
203 3400 254 3455 τῶν
268 3397 401 3474 σποράδην
418 3395 469 3477 γδιρ
484 3399 671 3478 ἱστορουμένων
684 3400 750 3458 τισίν
918 3400 940 3450 Ε
952 3399 1048 3468 sparsis
1059 3399 1130 3449 enlm
1143 3397 1321 3469 fflmplurlum
1337 3397 1453 3450 hisl⁰fll⁵

135 3489 167 3544 ἐν
180 3487 292 3564 ἐπιτομῇ
305 3508 345 3543 σοι
359 3485 477 3566 γέγραφα
491 3483 537 3553 rt<
550 3487 670 3553 ἀποικίας
915 3488 941 3538 in
955 3486 1069 3556 epitome
1080 3485 1128 3537 tibi
1142 3486 1233 3556 scripsi
1246 3483 1361 3538 colonias

135 3571 237 3640 κτίσεις
251 3595 280 3630 τε
294 3572 468 3650 πολεων,’τῆς
482 3569 545 3647 ὅλης
558 3597 586 3633 τε
598 3578 645 3652 γῆς
660 3577 754 3654 σχεδόν
915 3577 1081 3644 originesque
1094 3567 1216 3637 urbium,
1229 3584 1256 3626 et
1266 3575 1347 3627 totius
1358 3573 1411 3627 fere
1423 3585 1499 3629 terrae

136 3659 181 3719 δυ’
193 3661 248 3720 ἐστί
262 3659 355 3719 πλωτά
367 3661 412 3719 καὶ
429 3660 545 3741 πορευτθι
559 3665 609 3720 τῶν
624 3664 721 3723 τόπων.
915 3682 1080 3736 (γυπσιιοιμισ
1092 3667 1152 3716 nari
1164 3673 1190 3716 et
1204 3664 1291 3716 itineri
1303 3673 1393 3735 patent
1403 3663 1470 3718 loca.

136 3748 248 3810 Τούτων
264 3749 286 3806 δ’
299 3748 349 3808 δσα
362 3748 409 3826 μὲν
424 3748 528 3827 εύσημά
542 3751 566 3808 τ’
580 3751 634 3809 ἐστί
650 3752 695 3810 καί
708 3755 779 3832 σοιφῐῐΙ
916 3753 1019 3804 Horum
1032 3760 1119 3803 autem
1131 3768 1189 3821 quae
1201 3749 1270 3802 elam
1280 3761 1343 3803 sunt
1353 3761 1380 3803 et
1390 3761 1469 3816 nota,

91 3861 120 3899 το
138 3837 185 3895 ἐπὶ
196 3836 338 3916 κεφαλαίου
351 3835 485 3913 συντεμὼν
501 3837 661 3914 ἐκθήσομαι,
915 3839 1067 3890 summatim
1082 3838 1239 3890 c⁰nlmlten³
1250 3856 1397 3909 exponam,

136 3925 189 3982 ὅσα
201 3926 223 3982 δ’
238 3925 306 3984 ἐστὶν
320 3927 406 3984 αὐτῶν
420 3929 450 3984 οὐ
465 3929 553 4006 σαφῶς
566 3927 732 4005 ἐγνωσμένα,
916 3945 975 4008 quae
988 3945 1050 3978 vero
1061 3937 1124 3979 sunt
1136 3945 1190 3979 non
1204 3926 1343 3979 manifeste
1354 3931 1474 3997 cognita,
1527 3998 1531 4007 .

137 4016 154 4070 ὁ
166 4011 234 4070 κατὰ
246 4013 324 4092 μέρος
335 4014 408 4070 ταῦτ’
421 4011 591 4092 ἐξακριὸώσει
603 4013 696 4091 λόγος,
916 4015 1079 4084 particularis
1090 4015 1145 4067 hac
1157 4013 1306 4086 explanabit
1318 4033 1406 4068 sermo
1423 4035 1429 4069 :

137 4097 223 4173 ὥστε,
238 4103 365 4180 βασιλεῦ,
378 4099 421 4158 τὸν
433 4099 520 4158 πάντα
533 4105 578 4171 τῆς
591 4101 742 4178 οἰκουμένης
916 4101 982 4153 adeo
996 4112 1026 4154 ut
1039 4101 1130 4165 totius,
1145 4120 1205 4166 rex,
1222 4101 1293 4154 orbis
1308 4112 1437 4154 terrarum

137 4186 209 4264 ἔχειν
223 4211 255 4246 σε
265 4188 433 4269 περιορισμὸν
447 4189 661 4266 ἐπιτετμημένον,
916 4188 1012 4246 habeas
1023 4187 1225 4258 descriptionem
1239 4187 1397 4250 breviatam»

10 4327 11 4338 ,
89 4301 120 4338 7⁵
138 4279 265 4351 ποταμῶν
280 4297 308 4332 τι
321 4275 443 4354 μεγάλων
456 4275 586 4348 ἰδιότητας
600 4276 645 4334 καί
658 4274 757 4355 ῥύσεις,
917 4274 1057 4326 llumiuum
1070 4290 1225 4340 magnorum
1237 4273 1409 4342 proprietates
1420 4283 1446 4325 et
1456 4292 1565 4340 cursus,

671 4409 759 4418 ..uu—n
781 4409 941 4417 ...ψ-ὴ-

76 4473 221 4540 Μσίιιείιες
237 4477 321 4547 possis
338 4476 416 4528 etiam
428 4476 543 4546 φυγάδων
560 4471 698 4544 στρατέίαςς
714 4491 873 4545 ηυωιιιγιιοιιι
919 4475 945 4524 in
959 4473 1020 4524 sede
1027 4473 1083 4542 pari
1093 4473 1227 4534 vitaretur,
1241 4471 1390 4543 κατὰλόγον
1400 4471 1454 4538 ἥκω
1463 4472 1521 4542 πρδς
1531 4473 1568 4528 oi.
1582 4476 1616 4527 At
1625 4475 1704 4530 verba

76 4573 176 4610 carere
190 4555 313 4608 omnibus
327 4555 368 4606 lris
379 4565 492 4625 praestat.
508 4583 544 4594 -
561 4555 571 4622 ll
587 4557 631 4616 ll.
645 4553 722 4626 πλέκῃ
734 4553 806 4618 cod.;
820 4571 872 4605 em.
919 4551 979 4620 πρὸς
1000 4548 1025 4601 σὲ
1040 4548 1204 4601 hauddubie
1221 4567 1253 4601 eo
1267 4549 1335 4613 loeo,
1350 4550 1397 4602 ubi
1420 4551 1447 4602 in
1461 4548 1552 4601 codiee
1570 4549 1703 4620 leguntur,

77 4637 169 4689 Mein.
182 4635 193 4703 ΙΙ
202 4635 289 4697 -ta
297 4632 390 4694 ἐκεῖνος
396 4631 494 4697 συείοις
505 4651 558 4686 em.
566 4633 647 4685 Mein.
661 4635 671 4702 ΙΙ
681 4663 716 4672 -
726 4635 770 4695 48.
782 4631 875 4703 ‘tatto
920 4628 1092 4699 relinquenda
1100 4639 1172 4682 sunt.
1183 4631 1285 4681 Vereor
1296 4647 1330 4681 ne
1338 4629 1424 4681 verbis
1437 4627 1500 4680 κατδι
1512 4627 1600 4699 λόγον,
1607 4627 1705 4700 jejunis

77 4712 176 4780 eod-'ll
192 4741 227 4752 -
240 4712 283 4764 50.
298 4717 348 4764 τῶν
364 4710 407 4782 μὲν
423 4712 478 4781 βασ.
499 4709 572 4776 cod.;
585 4729 637 4763 em.
654 4713 735 4764 Mein.
751 4713 761 4780 ΙΙ
776 4741 811 4750 -
831 4711 873 4762 51.
920 4727 982 4762 sane
995 4709 1054 4773 illis,
1069 4709 1193 4762 inhaereat
1202 4708 1307 4761 menda.
1327 4711 1447 4761 Fortasse
1460 4717 1515 4760 erut
1525 4707 1584 4778 πρὸς
1599 4708 1625 4761 σὲ
1643 4710 1706 4762 κατὰ

78 4791 213 4863 προσφέρει
225 4789 361 4854 cod.;em.
372 4788 532 4859 vindingus.
541 4819 577 4830 -
589 4789 599 4858 ΙΙ
614 4789 656 4852 54.
668 4791 697 4856 ἣν
708 4788 788 4852 αθτδς,
800 4787 872 4852 cod.;
918 4789 1006 4859 λόγιον
1020 4783 1077 4854 ἧκα.
1096 4792 1136 4841 De
1147 4807 1173 4842 ν.
1187 4789 1309 4841 πείθεσθαι
1323 4789 1437 4858 genitivo
1453 4787 1547 4857 juncto
1558 4788 1706 4843 Meineltius

78 4889 139 4926 em.
152 4868 286 4922 Morottus.
303 4870 314 4938 ΙΙ
326 4898 362 4908 -
373 4867 416 4921 56.
425 4869 570 4938 συνκοτορθ.
582 4867 643 4920 cod.
659 4871 668 4938 ll
681 4899 716 4908 -
727 4869 769 4936 59.
781 4867 873 4940 Διδύμη
919 4867 1032 4920 conferri
1041 4866 1117 4937 jubet
1125 4866 1252 4919 Herodot.
1264 4869 1287 4931 l,
1305 4873 1363 4919 126.
1376 4866 1452 4918 Idem
1461 4867 1705 4937 monetperleetum

79 4950 160 5013 cod.;
171 4965 223 5001 em.
238 4948 317 5000 Voss.
332 4948 344 5017 11
355 4977 391 4987 -
400 4951 444 5000 6ο.
457 4948 516 5018 πρὸς
526 4947 552 4999 σὲ
564 4948 575 5014 ί
585 4949 631 5011 eie,
641 4965 694 5000 non
706 4965 768 4999 vero
777 4946 875 5018 absque
920 4941 984 5012 ἦκα,
997 4945 1096 5017 dequo
1110 4965 1136 4999 ν.
1156 4945 1271 4999 Iobeclt.
1285 4945 1318 4998 ud
1333 4945 1432 5016 Pliryn.
1448 4965 1476 5017 p.
1493 4952 1554 5015 741,
1568 4965 1582 4998 a
1599 4947 1705 5016 Scymni

80 5026 477 5097 acoentu,ut11etronuiusait)
488 5026 636 5098 κατὰλόγον
647 5027 700 5093 ἥκω
709 5026 792 5080 codex
802 5047 810 5086 ι
821 5045 874 5080 em.
920 5044 970 5079 usu
980 5045 1035 5079 non
1048 5028 1130 5094 magis
1147 5025 1261 5078 alienum
1276 5024 1359 5077 rideri
1377 5026 1483 5091 debere,
1494 5043 1573 5096 quarn
1593 5025 1705 5078 sormam

81 5108 217 5164 llleineke.
238 5107 342 5160 Priores
356 5105 469 5160 editores
483 5117 569 5159 metro
588 5107 776 5160 cousuluerunt
793 5117 876 5160 trans-
920 5105 1106 5158 ltellenisticam
1126 5104 1244 5176 ἔσχοσαν,
1260 5123 1312 5174 qua
1324 5123 1386 5158 usus
1404 5107 1437 5158 sit
1448 5124 1474 5159 ν.
1496 5106 1557 5173 695.
1576 5105 1586 5172 ll
1606 5134 1642 5144 —
1660 5107 1704 5159 οδε

82 5185 213 5261 ponendo
233 5185 313 5238 rerba
329 5185 440 5238 huncio
454 5185 582 5240 modum:
602 5185 663 5238 κατὰ
678 5185 756 5257 λόγον
771 5185 828 5257 πρθς
849 5187 875 5240 σὲ
920 5183 1003 5238 εστῖαν
1012 5184 1072 5237 cod.
1087 5187 1098 5253 ll
1110 5216 1146 5224 -
1155 5189 1197 5247 64.
1210 5185 1369 5255 συναιφάψετο
1378 5184 1438 5238 eod.
1455 5188 1465 5255 ῃ
1477 5183 1565 5236 -6ἅ
1575 5185 1646 5254 τῇσῇ
1658 5201 1707 5255 pro

83 5269 151 5338 θριω
170 5261 256 5332 κοινὴν
269 5263 349 5336 γὰρ...
368 5263 524 5334 ἀναδέδειχας
543 5262 623 5315 ἑστίαν
637 5263 691 5328 vel,
706 5275 734 5317 ιιι
743 5263 875 5336 spondeus
920 5265 981 5316 τισίν
994 5263 1054 5317 cod.
