3775 5750
725 334 778 417 nn
798 330 1006 395 contusus.
1478 310 1484 325 '
1631 358 1673 399 xv

51 488 160 526 rarum
173 468 302 547 epitome
312 468 414 527 eadem
424 488 511 547 quam
527 464 619 526 codex
633 470 690 539 443
707 466 775 529 l‘ar.
790 469 842 527 ba·
887 468 1046 527 Kramerus
1056 470 1095 527 ita
1105 468 1191 527 babet
1201 468 1322 545 (Strabo
1333 470 1554 551 tom.lll,prael.
1566 494 1597 552 p.
1605 472 1672 550 tvi:

50 566 112 625 bet.
130 566 249 625 Titulus
263 566 301 624 ad
315 568 403 624 linem
416 565 524 641 legitur
541 588 549 624 z
567 564 703 643 'latidpau
718 567 848 645 Χαρακη-
890 590 903 615 α
917 564 975 633 Qui
994 564 1070 623 liber
1090 564 1203 641 (Paris.
1223 566 1299 643 571)
1320 570 1478 627 nonnullos
1498 570 1579 627 locos
1598 568 1672 627 inte-

49 666 95 717 us]
111 660 230 737 scalpsi
244 660 388 741 nauali.
404 660 540 719 (ueterum
558 660 650 719 codex
665 662 719 734 571
737 661 768 721 in
780 663 847 721 nial·
887 659 1000 734 griores
1015 660 1144 718 servavit
1162 680 1250 737 quarn
1272 663 1421 721 Palatinus
1432 663 1540 737 codex,
1554 664 1586 723 ia
1607 664 1674 720 aliis

50 757 263 816 nulliscodice
278 760 338 826 443
354 759 517 817 accuratior
528 770 581 819 est.
887 768 984 813 tamen
1004 754 1081 815 baud
1099 757 1201 834 paucis
1216 755 1252 814 ab
1278 756 1342 835 ejus
1357 778 1464 837 manu,
1490 761 1541 837 qui
1559 762 1674 838 primus

94 876 127 909 a.
147 852 265 912 isidoro
280 851 481 930 subjiciuntur
494 850 671 932 Excerptae
694 852 848 914 Strabonis
887 852 1052 928 composuit
1062 851 1137 910 hane
1154 854 1319 931 epitomen,
1337 857 1466 927 recessit,
1479 856 1519 913 ita
1533 869 1566 913 ut
1578 856 1674 913 minor

51 951 373 1029 geographicis,nalla
385 951 506 1027 praelixa
517 970 611 1029 neque
622 950 658 1010 ad
672 951 779 1010 calcem
794 972 848 1030 po·
888 950 917 1003 in
943 948 1113 1007 universum
1141 948 1206 1026 ejus
1227 950 1266 1007 sit
1296 953 1453 1011 auctoritas
1478 970 1565 1029 quarn
1591 950 1672 1010 Pala·

52 1050 110 1103 sita
136 1046 348 1125 inscriptione,
378 1059 408 1103 et
434 1046 565 1121 neglecta
591 1044 668 1105 serie
702 1045 847 1105 librorum
888 1040 953 1100 tini·
971 1068 984 1095 a

51 1141 339 1212 Strabonianorum,
367 1140 420 1217 qui
443 1141 475 1199 in
490 1140 642 1217 Exuet-ptis
668 1140 708 1199 ita
722 1160 754 1199 sc
769 1142 848 1200 exci-
929 1139 958 1195 3.
973 1138 1084 1197 Deinde
1095 1138 1145 1199 sol.
1158 1138 1278 1208 iiovso
1289 1140 1421 1217 sequitur
1436 1142 1628 1218 fragmentum
1638 1141 1674 1199 de

52 1241 140 1313 piunt
152 1257 160 1293 :
170 1234 249 1293 tvl.
261 1234 352 1293 xvtt.
363 1232 502 1293 vll-xva
512 1232 564 1295 Xl.
578 1235 673 1293 Panni
686 1234 718 1293 bi
730 1249 798 1294 sunt
811 1254 849 1294 ex
887 1231 971 1291 Pelio
989 1245 1088 1293 monte
1104 1246 1133 1290 et
1148 1234 1265 1292 initium
1292 1235 1444 1311 fragmenti
1458 1236 1531 1314 ey'us,
1545 1234 1624 1313 quod
1637 1236 1674 1295 de

51 1332 190 1407 pleniore
217 1349 327 1409 opere,
351 1329 438 1407 quale
457 1329 570 1388 codicis
593 1328 847 1407 Heidelbergensis
886 1326 1008 1387 Graeclae
1022 1329 1283 1390 finibusincodice
1296 1331 1432 1393 Parisino
1447 1335 1504 1402 443
1519 1334 1673 1412 inlerpoe·

52 1426 292 1485 Chrestomatbia
309 1425 505 1485 Straboniana
526 1425 662 1497 exbibet,
687 1424 845 1507 discerpta.
888 1424 945 1481 tica
970 1424 1107 1501 Dionysii
1131 1426 1337 1504 interponitur.
1356 1426 1451 1505 Major
1466 1426 1531 1505 ejus
1551 1446 1621 1506 pars
1643 1440 1673 1486 et

51 1524 225 1581 Parisinum
249 1523 360 1581 librum
382 1542 448 1581 cum
467 1521 849 1598 Heidelbergensecontulit
888 1517 1009 1579 fortasse
1019 1520 1077 1578 alia
1085 1518 1216 1598 ejusdem
1228 1522 1381 1601 scriptoris
1391 1522 1550 1601 fragmenta
1559 1524 1674 1602 operis·

53 1614 375 1694 Dredovius,eacujus
386 1615 501 1675 schedis
513 1616 675 1674 variantem
690 1615 846 1677 lectionem
887 1636 946 1695 que
970 1618 1073 1679 titulus
1093 1638 1158 1679 cum
1184 1622 1340 1699 postremis
1359 1622 1470 1681 codicis
1491 1622 1571 1681 soliis
1594 1640 1673 1681 nnnc

51 1716 140 1773 aliert
152 1712 543 1790 Bernhardyusinrlnalect.
560 1731 591 1788 p.
606 1713 643 1769 ia
658 1730 704 1788 sq.
722 1710 845 1772 Eausus
888 1714 1000 1773 avulsis
1021 1716 1184 1794 perierunt.

636 1856 762 1908 Gudianus
772 1858 850 1911 audet
861 1862 887 1911 el
902 1860 1088 1925 attenuatum

91 1984 141 2024 ao.
160 1964 309 2023 Praeterea
326 1964 505 2021 monendum
526 1976 570 2021 est
593 1962 786 2039 fragmentum
806 1964 844 2023 de
888 1977 961 2025 tum.
973 1964 1334 2027 isidoriautemstathmos
1344 1966 1495 2029 Parthicos
1504 1968 1673 2029 Holstenius

52 2061 137 2119 Pelio
156 2072 260 2118 monte
283 2058 448 2118 tannetum
464 2058 610 2134 reperisse
628 2060 660 2116 in
677 2058 779 2117 codiee
793 2059 842 2118 bi·
889 2061 998 2137 legerat
1007 2063 1093 2120 etiam
1108 2064 1139 2120 in
1152 2063 1250 2122 codice
1260 2066 1464 2139 Aloempsiuno.
1475 2062 1618 2123 Nimirum
1634 2065 1674 2123 ita

51 2154 211 2213 bliothecte
225 2153 394 2231 blarquardi
408 2153 518 2224 Gudii,
534 2154 663 2231 indeque
685 2155 844 2233 transcrip-
889 2156 993 2215 scribit
1018 2157 1055 2216 ad
1076 2158 1253 2219 Peirescium
1279 2158 1341 2236 (ill
1358 2158 1402 2219 ld.
1426 2158 1498 2220 febr.
1522 2162 1615 2237 1628)

52 2263 111 2307 tum
124 2264 155 2309 et
167 2250 259 2309 latine
270 2266 386 2307 versum
401 2248 556 2306 tradidisse
570 2247 710 2307 lludsono
722 2248 775 2325 (V.
792 2249 845 2309 ra·
888 2256 993 2311 Isidori
1015 2256 1176 2313 Characeni
1198 2264 1357 2314 mansiones
1380 2257 1540 2329 Parthicae,
1565 2276 1635 2332 qrrus
1658 2276 1675 2314 c

52 2346 127 2405 bric.
155 2346 192 2404 D.
212 2346 266 2405 Gr.
288 2344 330 2421 ll,
346 2346 379 2417 8,
399 2358 471 2404 tom.
489 2342 551 2414 ΙΙΙ,
567 2362 597 2421 p.
621 2346 677 2415 487
695 2346 742 2403 ed.
758 2345 841 2405 llari.
888 2358 964 2427 regio
984 2350 993 2426 4
1004 2358 1024 2410 i.
1046 2372 1072 2409 e.
1088 2354 1182 2413 Puris.
1199 2354 1272 2431 571)
1293 2358 1526 2430 etAltempriano
1544 2374 1609 2411 nass.
1623 2374 1674 2431 op·

51 2456 78 2499 et
93 2442 233 2501 liudson.
248 2440 357 2517 Geogr.
380 2458 420 2497 m.
436 2453 507 2498 tom.
530 2438 575 2509 ll,
588 2439 707 2517 prael).
729 2440 844 2518 Dequo
888 2450 967 2501 timoe
994 2460 1068 2503 uotoe
1094 2450 1280 2523 compluribus
1302 2452 1371 2507 locis
1394 2451 1538 2507 emendari
1556 2462 1586 2505 et
1605 2468 1674 2523 sup-

52 2537 130 2597 libro
144 2536 289 2595 Gudiano
303 2532 379 2595 nibil
393 2534 584 2594 accuratioris
596 2534 691 2593 babeo
711 2554 849 2614 comper··
885 2542 970 2614 plevi.
987 2565 1000 2592 ι

556 2674 592 2722 tte
606 2672 831 2723 communitorum
848 2673 960 2725 Meum
973 2676 1039 2729 lanta
1051 2682 1076 2729 et
1089 2678 1178 2729 indole.
1254 2736 1255 2741 1

91 2804 142 2839 21.
159 2787 234 2857 Quae
245 2781 396 2858 bucusque
409 2780 529 2838 erariis
543 2768 695 2837 codicibus
713 2780 843 2839 recensui
1047 2806 1072 2846 c.
1096 2785 1239 2864 Peripli
1260 2784 1511 2864 particulares.

52 2883 164 2959 scripta
187 2880 396 2958 casualia,
415 2899 452 2937 ex
476 2877 577 2936 eodem
609 2877 704 2950 rone,
732 2875 850 2958 aulon
891 2919 917 2956 t.
935 2899 1083 2978 Anonymi
1101 2901 1233 2980 periptus
1246 2901 1334 2959 nonu
1355 2899 1463 2958 unani
1480 2899 1488 2976 4
1505 2897 1637 2957 astaus.
1650 2901 1671 2976 4.

53 2978 156 3054 aliano
191 2974 455 3052 crosrechiwrum
492 2983 690 3049 sanaem,
727 2991 845 3031 manu*
888 3013 918 3053 2.
932 2995 1051 3054 arriani
1066 2997 1198 3074 periplo
1212 2993 1298 3054 nonu
1312 2994 1419 3053 antini
1438 2992 1591 3071 (beiden).
1605 2994 1628 3071 4.

53 3091 107 3147 aro
133 3084 219 3129 certo
241 3070 481 3131 maanaim·
498 3069 595 3126 Pom
612 3087 703 3145 ‘num
722 3067 844 3126 &raba
889 3091 916 3152 3.
933 3091 1080 3170 anonymi
1091 3093 1222 3172 per-ipius
1233 3094 1321 3150 mara
1333 3089 1638 3170 Erythraeiltteidelb.
1651 3091 1672 3167 4.

53 3169 143 3224 niana
163 3165 307 3244 incaepta
330 3166 363 3222 in
383 3163 449 3222 cod.
473 3163 528 3236 571
553 3163 667 3222 Isidoro
689 3161 846 3240 subjuncta
889 3195 916 3255 g,
932 3186 1084 3247 Hannonis
1098 3189 1230 3266 periplus
1245 3185 1397 3266 (Heidelb.
1410 3188 1432 3265 4.

53 3263 164 3321 ducant
177 3262 215 3320 ad
227 3262 358 3321 codicem
370 3259 553 3331 Palatinum,
571 3260 603 3318 in
613 3279 673 3337 quo
685 3273 752 3318 ante
766 3260 844 3319 Stra·

54 3357 142 3417 bonis
151 3359 302 3436 epitomen
311 3369 449 3433 quattuor
459 3356 597 3432 leguntur
607 3356 715 3433 peripli
730 3357 846 3433 (quam-

54 3474 141 3530 quam
167 3453 275 3511 alienis
297 3451 414 3510 duobus
441 3449 550 3509 libellis
573 3449 735 3527 disjuncti)
759 3471 766 3507 :
791 3450 846 3509 bos
891 3442 1069 3521 t.Excerpta
1082 3443 1252 3502 DeGraeciae
1264 3439 1389 3500 urbibus
1411 3439 1488 3516 (Pat-
1504 3441 1573 3507 443·
1589 3439 1668 3514 5714·

55 3571 174 3630 ipsoque
197 3570 234 3608 ex
254 3549 356 3608 eodem
377 3561 559 3627 syntagmate
579 3549 698 3606 fluxisse
720 3547 846 3625 ideoque
888 3561 917 3602 a.
930 3538 1274 3618 ExcerptaStraboniana
1286 3532 1582 3614 (Par.571.lleidelb.
1595 3534 1674 3611 398.)

55 3669 117 3706 cum
131 3647 276 3727 periplis,
294 3665 370 3725 quos
384 3659 450 3705 ante
460 3643 608 3704 Isidorum
619 3643 738 3703 exbibet
753 3645 845 3702 codex
887 3641 916 3696 ³-
932 3634 1037 3694 isidori
1053 3635 1218 3694 motiones
1232 3632 1374 3690 Parlhlcae
1389 3631 1474 3708 (1³³¹ss
1497 3629 1566 3698 443·
1584 3629 1620 3701 57
1628 3650 1637 3685 ¹
1650 3627 1671 3708 l·

56 3745 121 3804 Par.
141 3745 214 3813 443,
236 3742 454 3820 componendos
471 3759 534 3799 esse
551 3739 695 3818 suspicor.
711 3739 845 3816 Denique
1179 3755 1210 3813 g,
1244 3753 1386 3814 pqgffi

55 3852 132 3915 patet
146 3838 352 3897 collectionem
362 3837 442 3895 illam
455 3847 565 3894 certum
582 3833 728 3912 quoddam
739 3836 770 3893 in
782 3834 845 3893 dis-

57 3935 204 4011 ponendis
217 3933 329 3992 libellis
342 3931 466 4011 prodere
476 3929 643 3989 consilium.
652 3929 724 3986 Nam
736 3931 762 3988 si
777 3949 845 4008 pm·

55 4034 132 4090 sarira
140 4029 381 4107 fragrarentaduo,
389 4048 454 4106 quae
466 4028 498 4086 in
506 4025 618 4085 medios
626 4025 740 4085 iambos
749 4027 845 4084 scriba

56 4127 126 4184 libri
149 4127 209 4194 443
229 4123 365 4194 intrusit,
379 4123 412 4180 in
433 4141 519 4181 suum
538 4123 652 4193 locum,
674 4122 742 4200 ipso
762 4141 844 4180 mon·

57 4233 166 4279 mame
180 4219 297 4290 mdm'
310 4237 478 4296 mum
490 4239 498 4275 ἶ
512 4218 733 4296 mmmmm
745 4235 845 4295 ⁰W¹⁸
930 4287 980 4326 aa.
993 4265 1179 4323 accuratiora
1188 4255 1626 4338 deambitubujuscollectionis
1636 4273 1672 4312 ne

58 4317 146 4375 habes
157 4313 304 4392 ejusmodi
322 4336 329 4369 ζ
889 4359 1058 4438 conjectura
1073 4357 1190 4436 quidem
1206 4377 1283 4416 nunc
1298 4355 1412 4432 assequi
1428 4353 1510 4423 licet,
1528 4349 1671 4426 originem

110 4455 145 4508 A·
168 4446 298 4507 ⁹⁸0⁵AE
318 4443 523 4506 ORA'HONIS
543 4443 784 4505 satiamus.
888 4478 959 4515 vero
973 4475 1038 4514 cum
1053 4453 1203 4512 {tomento
1219 4451 1292 4532 [sp.
1309 4473 1338 4530 p.
1353 4451 1388 4517 rs
1406 4447 1514 4524 aaa.)
1531 4447 1624 4506 resero
1636 4445 1672 4505 aa

366 4569 389 4630 1,
410 4589 532 4632 num,
889 4551 1073 4611 notissimum
1084 4549 1156 4607 illud
1170 4549 1333 4606 institutum
1343 4543 1527 4602 Constantini
1539 4541 1672 4621 Porphy-

891 4662 1033 4723 rogenttr,
1061 4644 1112 4721 qui
1146 4643 1221 4702 sicut
1246 4639 1482 4717 Geopouicorum
1509 4651 1672 4716 syntagma,

889 4756 1009 4801 curante
1031 4739 1169 4799 Cassiano
1187 4739 1275 4795 llasso
1294 4735 1482 4806 scholastico,
1499 4731 1673 4800 construxit,

64 4829 89 4867 ¹·
105 4811 199 4885 (Opus
209 4811 384 4884 deminum
396 4814 424 4864 m
433 4809 495 4867 ⁰⁸1·
511 4808 567 4875 443
580 4821 709 4884 ΨΜ·
724 4829 735 4863 ¹
752 4820 782 4864 ⁰²
793 4827 821 4864 ²·
834 4811 843 4884 l
889 4839 929 4897 ita
949 4835 1217 4914 Gangrapbicorunr
1240 4851 1356 4908 quoque
1370 4849 1476 4909 eorpus
1487 4829 1586 4904 colligi
1606 4825 1672 4903 jus-

62 4925 88 4962 2·
102 4903 245 4962 marciani
259 4902 361 4961 mni
372 4903 505 4981 palpum
517 4903 602 4962 mm
616 4902 643 4960 Η
657 4901 740 4976 (Par.
754 4906 810 4972 443
820 4904 842 4980 )·
890 4935 970 4993 serit.
997 4931 1062 4990 darn
1086 4950 1156 4988 vero
1177 4927 1295 4986 aliunde
1315 4929 1389 4984 benc
1407 4925 1543 4983 novimus
1566 4935 1673 4998 quanta

137 4999 168 5056 b·
192 4997 331 5077 peril'li
353 4997 465 5056 ‘⁰⁶¹⁸
486 4999 597 5058 mm
615 4999 762 5058 immi·
890 5029 1068 5105 negligentia
1090 5037 1118 5082 et
1138 5025 1290 5082 oscitantia
1300 5019 1531 5080 Constantiniani
1543 5029 1672 5073 veterum

68 5121 662 5204 r.llenippialliarcianobreviatililirilll
678 5123 842 5199 41444443).
889 5125 1065 5200 scriptorum
1092 5131 1276 5198 excerptores
1303 5130 1331 5173 et
1352 5115 1533 5172 breviatures
1558 5112 1673 5186 negotio

65 5245 90 5276 a.
104 5221 232 5298 Scylacis
242 5223 375 5300 periplus
386 5221 460 5300 ll’ar.
473 5223 552 5298 4434.
890 5239 944 5276 suo
967 5216 1056 5274 brurti
1077 5215 1144 5273 sint.
1161 5213 1220 5272 nac
1234 5214 1318 5270 aliter
1334 5229 1379 5268 res
1393 5208 1479 5266 babet
1503 5207 1534 5264 in
1545 5206 1673 5280 (iurgia-

948 3315 988 3376 ΙΙ.
1009 3317 1228 3372 csouaaaurcdu
1251 3335 1378 3370 aaaron
1399 3335 1435 3369 aa
1456 3331 1610 3369 nxcemt.

891 3903 918 3940 r.
937 3880 1073 3959 Dionysii
1089 3879 1246 3959 periegesis
1260 3878 1382 3936 Graeciae
1396 3873 1480 3954 [Par.
1493 3876 1552 3944 443
1564 3873 1582 3952 4.

890 3998 918 4038 a.
934 3976 1081 4053 Anonymi
1099 3973 1257 4054 periegesis
1274 3972 1401 4031 iambica
1414 3971 1423 4052 4
1434 3971 1502 4031 Par.
1516 3971 1572 4040 443
1583 3973 1601 4046 4.

890 4075 898 4154 4
913 4079 988 4144 Alia,
1016 4095 1081 4150 quse
1094 4079 1121 4129 in
1130 4077 1277 4150 postremis·
1290 4074 1352 4129 cod.
1369 4071 1425 4140 443
1443 4069 1672 4146 quaternionibus

927 4173 995 4226 olim
1011 4168 1200 4246 legebantur.)

138 4715 165 4752 a.
193 4693 333 4770 Peripli
356 4695 470 4751 totius
491 4692 602 4750 maris
636 4693 765 4756 exteri.
