3775 5750
82 367 121 433 ιιι
611 348 795 425 reuersus
815 363 936 426 uanis
957 363 1178 424 ramnum.
1640 380 1694 429 nr

94 488 169 555 δείους
183 488 227 545 καί
244 488 393 567 ὑδρεύματα
411 486 555 567 γλυκύτεροι
573 490 656 569 [καὶ]
672 492 809 571 κρείσσονα
824 496 870 566 τῆς
916 500 1698 574 aquationesdulcioresetprmstnntiotesquamOcclishabet.

95 574 394 653 ’οκήλιωςέχουσα,ἤθη
405 573 465 635 tlh
473 577 544 656 ἀρχῇ
553 578 652 636 κόλπου
665 578 772 655 κειμένη
780 579 871 660 τῷτὴν
915 590 985 641 Situs
990 587 1046 660 jam
1058 590 1135 641 estin
1144 590 1220 642 initio
1228 590 1312 653 sinus,
1324 608 1404 659 quam
1416 608 1463 642 ora
1473 589 1595 659 refugiat.
1633 592 1697 644 Feli·

93 664 179 743 γύιραν
192 661 356 741 ὑποφιύγιιν.
399 662 542 738 Εὐδαίμων
553 665 577 722 δ’
591 666 733 737 ἐπεκλήθη,
746 666 871 747 πρότερον
915 676 952 726 cis
964 692 1027 727 vero
1042 692 1188 745 cognomen
1200 686 1291 728 nactus
1302 686 1357 737 cst,
1373 694 1457 746 quum
1469 679 1544 747 prius
1557 676 1621 729 urbs
1635 668 1711 730 luis-¹

93 732 153 809 οθσα
167 750 257 826 πόλις,
271 750 327 821 ὅτι,
345 749 428 827 μήπω
450 751 503 809 ἀπὸ
521 755 567 823 τῆς
580 750 691 825 Ἰνδικῆς
709 754 744 819 είς
759 750 805 823 τὴν
821 757 870 813 hl·
915 771 967 823 set,
984 759 1109 831 quando,
1128 763 1215 814 nautis
1227 761 1349 835 nondum
1365 780 1397 814 cx
1414 762 1491 829 India
1508 763 1537 814 in
1557 763 1697 837 AEgyptum
1787 771 1799 795 s

69 863 80 899 ο
94 860 186 916 γυπτον
207 837 355 917 ἐρχομένων
367 836 435 914 part
447 837 499 895 ἀπὸ
516 838 594 917 [τῆς]
608 840 742 916 Αἰγύπτου
754 841 871 917 τολμῶν·
914 846 1154 916 proficiscentibus,
1170 865 1256 918 neque
1268 866 1301 900 ex
1314 848 1426 918 AEgypto
1438 849 1465 899 in
1475 849 1606 901 interioris
1619 852 1699 902 maris

92 949 139 983 τιον
153 926 188 991 εἰς
208 924 266 991 eolre
291 922 343 983 ἔσω
361 924 457 991 τύπους
479 925 599 1004 διαίρειν,
619 928 677 985 ἀλλ’
696 926 759 1006 ἄχρι
775 926 871 1000 ταύτης
914 931 970 984 lom
988 932 1107 1003 trajicere
1118 932 1348 999 oonantibus,sod
1367 934 1471 987 nonnisi
1491 932 1524 986 ad
1534 934 1602 986 hane
1615 953 1699 1006 usqne

91 1012 312 1093 παραγινομένων,
328 1012 386 1079 τοὺς
397 1016 461 1091 παρ’
475 1013 631 1093 ἇμφοτίρων
648 1014 755 1094 φόρτους
773 1014 870 1075 desdi—
915 1017 1008 1070 urben
1029 1018 1209 1083 venientibus,
1228 1018 1262 1072 ab
1283 1020 1402 1091 utrisque
1424 1038 1523 1072 inerms
1542 1021 1697 1091 recipiebat,

93 1125 162 1181 γετο,
175 1101 266 1180 ὥσπερ
277 1099 455 1180 Ἀλεξάνδρεια
469 1100 514 1159 καὶ
524 1104 576 1159 τῶν
589 1100 681 1169 ἔξωθεν
694 1104 804 1162 καὶτῶν
818 1103 871 1161 ἀπὸ
914 1103 1140 1174 quemadmodum
1152 1102 1310 1158 Alexandria
1323 1115 1350 1157 et
1358 1115 1479 1158 externas
1492 1123 1590 1158 memes
1600 1117 1627 1159 et
1639 1126 1699 1177 qun

91 1194 134 1259 τῆς
148 1188 283 1267 Αἰγύπτου
296 1187 445 1269 φερομένων
456 1187 625 1266 οἷποδίχεται.
669 1192 723 1249 Νῦν
738 1188 765 1248 dl
778 1188 870 1269 οὑπρδ
914 1206 944 1241 ex
954 1188 1228 1268 Egyptoallcruntur,
1236 1191 1338 1260 recipit.
1356 1192 1434 1242 Nunc
1442 1208 1503 1242 vcro
1511 1209 1564 1243 non
1572 1192 1699 1245 itamulto
1811 1242 1817 1252 ,

57 1298 77 1335 ιο
92 1278 186 1335 πολλοῦ
199 1279 250 1335 τῶν
261 1274 396 1359 ἡμετέρων
394 1275 506 1360 χρόνων
517 1278 623 1359 Καῖσαρ
636 1275 717 1349 αὐτὴν
730 1278 869 1357 κατεσςρί·
914 1286 974 1329 ante
997 1287 1085 1329 nostra
1104 1287 1222 1347 tempora
1242 1276 1328 1329 Caesar
1348 1276 1507 1348 (Elisarr)
1525 1296 1582 1332 carn
1605 1280 1697 1333 urbcrn

109 1387 167 1422 ατο.
914 1364 1052 1418 destruxit.

89 1370 108 1443 ψ
127 1470 163 1509 at.
177 1448 241 1508 ’λπθ
251 1448 277 1507 dl
288 1452 334 1521 τῆς
345 1448 506 1527 Εὐδαίμονος
518 1449 658 1529 ’λραύιιιῆς
666 1450 870 1529 indigeremus·
951 1468 995 1520 ²7·
1016 1450 1204 1503 Eudaemonem
1225 1451 1364 1504 Arabicam
1381 1453 1509 1505 continno
1525 1453 1622 1523 excipit
1639 1453 1700 1507 litus

89 1536 154 1617 σρλς
175 1536 294 1615 αἰγιαλὸς
315 1535 446 1613 ἐπιμήκης
460 1536 505 1595 καί
520 1537 614 1603 κολπος
635 1537 678 1595 tel
693 1535 834 1615 δισχιλίους
853 1535 870 1607 ἦ
915 1539 991 1609 longe
1004 1550 1154 1611 porrectum
1168 1550 1195 1593 et
1210 1542 1283 1593 sinus
1296 1539 1460 1593 adbismillc
1471 1541 1510 1594 rel
1528 1542 1603 1613 plura
1621 1544 1700 1595 etiarn

88 1616 347 1703 πλείοναςπαρήιιων
362 1623 502 1700 σταδίους,
516 1624 647 1700 Νομάδων
671 1624 870 1702 τεκαὶἸχθυο·
914 1638 1005 1697 patens
1032 1626 1131 1690 stadia,
1164 1627 1211 1697 qui
1233 1625 1366 1680 Nonmdes
1386 1635 1413 1679 et
1439 1626 1649 1698 ichthyophagos
1672 1630 1700 1679 in

53 1732 73 1766 ιο
88 1713 175 1793 ρτίγων
203 1712 305 1787 κώμαις
327 1711 547 1793 παροικούμενος,
573 1704 603 1770 οὑ
637 1712 705 1789 μετὰ
721 1711 769 1783 τὴν
792 1711 869 1791 apoi-
916 1713 978 1765 vicis
988 1711 1066 1764 babet
1075 1711 1185 1764 accolas.
1223 1711 1288 1781 Ejus
1298 1722 1357 1782 post
1368 1713 1536 1782 proeminens
1547 1724 1700 1783 promonto-

88 1822 188 1877 χουοοιν
214 1798 296 1879 ἄκραν
312 1799 435 1879 ἐμπύριόν
452 1802 520 1857 ἐστιν
538 1800 623 1878 ἕτερον
644 1799 870 1879 παραθαλάσσιον,
915 1799 986 1849 rium
1003 1808 1041 1850 est
1057 1796 1132 1849 aliud
1147 1798 1296 1867 emporium
1315 1799 1491 1862 maritimum,
1511 1800 1591 1862 Cone,
1607 1798 1641 1851 ad
1660 1818 1700 1851 re·

90 1886 176 1959 κεινὴ,
204 1886 339 1967 βασιλείας
364 1887 512 1961 Ἐλπίζω,
531 1885 620 1965 χώρας
642 1886 870 1965 λιὸςνωςορόρου,
916 1902 998 1953 gnum
1009 1885 1142 1955 pertinens
1154 1884 1239 1936 Eleazi
1252 1885 1279 1935 in
1297 1884 1403 1952 regione
1419 1884 1556 1938 thurifera.
1594 1888 1633 1939 Er
1652 1885 1699 1938 ad-

89 2074 110 2107 r.
125 2054 336 2125 ὑδρεύματα]
352 2055 409 2105 ttivi
423 2055 449 2106 in
463 2053 512 2107 hac
523 2054 659 2124 peninsula
672 2054 752 2121 nulli,
768 2054 814 2105 sed
826 2071 874 2124 pu·
916 2052 1104 2106 mereatoribus
1124 2052 1249 2104 Romanis
1271 2050 1353 2103 illatas
1375 2052 1552 2115 ulcisceretur,
1567 2053 1607 2105 vel
1627 2055 1699 2124 quod

86 2136 117 2186 tci
133 2136 206 2186 saxis
224 2135 300 2187 incisi
311 2143 373 2185 sutrt
386 2150 461 2202 aquae
470 2135 579 2201 egregiae
590 2132 874 2205 oopiampuppcelitan·
915 2133 952 2183 sie
963 2131 1044 2183 Indos
1057 2141 1150 2184 nautas
1162 2132 1189 2184 in
1204 2130 1306 2201 AEgypti
1320 2132 1437 2201 emporia
1450 2149 1477 2182 se
1488 2131 1640 2184 allecturum
1652 2152 1700 2203 pu-

84 2214 283 2265 narrassem
311 2210 481 2281 aquaeductus
504 2210 600 2263 rudera
624 2222 774 2285 supersunt.
801 2212 812 2278 ll
839 2240 875 2251 ··-
916 2220 991 2263 taret.
1004 2209 1068 2262 Tale
1085 2208 1150 2280 quid
1168 2208 1218 2261 sub
1234 2210 1327 2279 quovis
1346 2210 1503 2279 imperatore
1521 2209 1627 2263 indeub
1646 2216 1700 2265 hu·

88 2310 107 2343 ι.
128 2292 168 2343 καὶ
188 2290 323 2361 supplerit
336 2289 479 2342 lludsonus
493 2291 550 2358 ΙΙ-ι-
565 2291 590 2342 3.
606 2289 813 2359 ὑποφεύγειν]
829 2306 874 2341 au·
915 2300 991 2357 gusto
1004 2306 1088 2359 usque
1102 2287 1137 2340 ad
1156 2289 1244 2340 Nostri
1260 2286 1314 2340 sere
1329 2298 1447 2359 tempora
1458 2288 1576 2341 accidere
1586 2301 1698 2359 poterat.

83 2372 173 2423 dacius
187 2368 292 2423 dictum
305 2386 356 2439 pru
369 2368 520 2438 ὑποχωρεῖν,
542 2386 596 2439 quo
617 2370 656 2421 uti
676 2371 771 2421 Noster
791 2367 872 2431 solet,
914 2366 965 2421 Sed
986 2367 1037 2419 hoc
1054 2384 1160 2437 quoqne
1170 2376 1271 2418 osteor
1285 2366 1448 2419 addubitem.
1467 2369 1520 2437 Qui
1538 2370 1609 2420 enim
1630 2371 1701 2425 litut

82 2460 107 2501 et
119 2448 194 2519 quod
213 2447 264 2500 boc
277 2464 384 2517 quoque
401 2448 459 2501 loon
472 2448 564 2516 reponi
586 2447 667 2501 voluit
687 2445 872 2501 Suhnaubcclr.
915 2447 1010 2516 Peripli
1024 2456 1125 2509 auctor,
1141 2448 1187 2515 qui
1205 2445 1239 2498 de
1255 2448 1457 2517 imperatoribus
1477 2449 1602 2499 Romanis
1619 2450 1701 2501 modo

84 2530 94 2594 ll
111 2558 146 2567 —
157 2518 262 2597 Ssrig]
276 2527 384 2578 inserui.
404 2527 415 2595 Ι]
427 2556 463 2574 -ν
478 2543 520 2581 ιο.
535 2526 680 2597 Καῖσαρ]
694 2526 751 2578 Hoc
759 2524 793 2577 de
809 2526 874 2577 Tra-
915 2526 1038 2579 utebatur
1052 2525 1237 2595 αὑτοκρατόρων
1250 2543 1331 2589 voce,
1354 2542 1427 2577 nunc
1439 2526 1529 2595 καῖσαρ
1542 2526 1699 2581 vombulum

78 2606 158 2673 jano,
174 2606 227 2675 qui
242 2604 366 2659 Arabiam
382 2604 471 2657 lecerit
484 2604 658 2675 provinciam,
672 2603 779 2672 intelligi
792 2601 875 2655 voluit
915 2606 1040 2676 usurpet?
1053 2607 1110 2659 Cur
1125 2615 1178 2657 tam
1193 2622 1287 2674 vagum
1303 2604 1331 2655 in
1354 2602 1463 2657 modum
1483 2605 1527 2657 tali
1548 2606 1629 2658 verbo
1644 2626 1700 2659 rem

82 2683 248 2737 llodwcllus.
262 2681 342 2749 Quod
356 2682 459 2736 admitti
473 2685 563 2753 nequit
576 2683 613 2753 (v.
626 2700 705 2753 supra
719 2680 871 2751 not.§19).
915 2684 1082 2751 significarit?
1102 2684 1198 2737 Nonne
1211 2681 1335 2735 mendam
1355 2682 1400 2735 hic
1411 2700 1517 2753 quoque
1533 2682 1593 2736 libri
1610 2704 1702 2739 corru-

79 2765 242 2816 llanncrtus
265 2763 300 2826 V,
332 2764 362 2826 1,
377 2780 405 2833 p.
429 2766 475 2814 161
500 2761 533 2814 de
549 2762 609 2829 AElii
627 2762 694 2815 Galli
708 2758 875 2833 expeditione
915 2763 1025 2833 ptissimi
1041 2762 1113 2814 locus
1128 2761 1350 2814 traxeritiTauto
1360 2760 1460 2813 lacilius
1468 2761 1635 2827 crediderim,
1646 2783 1702 2834 quo

78 2842 128 2894 suh
151 2840 523 2916 Augusto-irmengitavit.
540 2840 688 2892 Vincentus
704 2838 818 2908 denique
840 2836 874 2890 ad
915 2838 999 2893 lenior
1008 2839 1121 2893 ollertur
1132 2838 1291 2893 emendatio.
1305 2839 1356 2892 Pro
1371 2838 1482 2891 ttttxtt’
1495 2838 1573 2893 luisse
1583 2843 1703 2913 suspioor

78 2921 183 2974 Claudii
197 2932 321 2990 tempora
337 2937 391 2970 rem
406 2918 494 2979 refert,
513 2919 598 2970 nitens
611 2919 710 2980 Plinio,
734 2918 779 2987 qui
793 2915 875 2969 tradit
915 2917 1035 2971 ΕΜΣΑΡ.
1051 2919 1144 2972 ΕΙὶεασ
1155 2929 1181 2971 et
1193 2919 1277 2972 Ilirar
1291 2917 1408 2989 ejusdem
1420 2919 1534 2972 nominis
1547 2931 1609 2972 sunt
1621 2924 1702 2974 varic·

79 2999 135 3050 hace
147 3002 199 3064 vt,
221 3003 275 3061 24:
296 2997 380 3050 Nobis
397 2995 550 3064 diligentior
569 2995 667 3049 notitia
684 2995 873 3067 (Taprobanes
915 3009 1031 3069 tatesap.
1041 2998 1510 3051 StraboncmetPtolemaeumobviae.
1522 2999 1616 3051 Strabo
1625 3001 1700 3065 xvt,

80 3079 151 3144 ins.)
170 3075 281 3142 Claudii
287 3075 445 3148 principatui
456 3075 577 3142 contigit,
594 3074 687 3141 legatis
699 3073 778 3126 etiam
797 3092 830 3126 ex
845 3091 875 3124 ινι
915 3095 942 3148 p.
964 3080 1016 3146 782
1030 3089 1118 3130 namt
1138 3077 1234 3129 AElium
1253 3075 1358 3128 Gallum
1375 3094 1518 3147 occupasse
1536 3077 1652 3131 Arhmlh
1675 3089 1702 3132 et

83 3155 171 3207 imula
183 3153 319 3208 advectis.
335 3153 370 3206 Id
379 3152 479 3205 accidit
491 3153 537 3205 Ιιοσ
549 3150 633 3204 molo.
650 3151 723 3204 Amal
737 3151 854 3204 Plocami
865 3191 871 3210 ‚
914 3154 1064 3225 Marsyabas
1078 3157 1089 3223 (
1096 3173 1119 3206 ν.
1135 3153 1201 3206 Noel
1216 3151 1263 3205 des
1275 3156 1387 3224 Vergers
1396 3155 1497 3206 Amtte
1507 3172 1533 3225 p.
1546 3157 1607 3224 59),
1625 3158 1703 3211 urbes

79 3235 125 3303 qm'
140 3234 229 3286 maris
244 3233 329 3286 nestri
346 3231 461 3298 meligul
477 3249 494 3282 a
505 3232 573 3301 fiseo
594 3230 749 3292 redemerat,
766 3229 875 3281 libertus
915 3233 1149 3286 Rhambanitarum
1159 3233 1208 3298 (sie
1215 3230 1295 3285 oodd.
1306 3233 1359 3285 Str.
1368 3233 1476 3303 optimi3
1486 3231 1637 3286 Ῥαθανιτῶν
1646 3253 1698 3289 sec.

77 3313 151 3364 circa
177 3311 316 3366 Arabiam
333 3310 464 3376 nuuignns
485 3308 652 3380 aquilonibus
673 3318 766 3378 ruptus
779 3318 876 3377 preter
915 3311 983 3365 prol,
1007 3315 1062 3376 vl,
1085 3312 1134 3382 7),
1153 3311 1179 3362 ot
1199 3306 1261 3375 ἦσαν
1275 3310 1322 3363 ὑπὸ
1347 3309 1702 3382 ‘ltaetprp(1)lr0ul.,421w

80 3390 274 3450 (nr-manime,
291 3388 389 3441 decium
401 3387 492 3458 quinto
501 3387 545 3440 dte
555 3387 692 3458 Hippuros
702 3387 875 3458 portumque
915 3409 962 3444 seu
983 3391 1162 3452 Dkifflzlmg
1182 3387 1285 3458 Afra-1¹5
1305 3391 1373 3457 mgis
1393 3405 1537 3453 memor,
1563 3408 1616 3444 sec,
1635 3393 1701 3446 Noel

78 3473 212 3533 irrreetns,
227 3479 281 3522 etc.
293 3471 333 3522 Ex
342 3468 384 3520 his
395 3469 475 3538 igitur
488 3466 585 3535 oolligit
596 3464 697 3518 Claudii
713 3463 876 3534 temporibus
916 3471 1074 3538 Desvergers
1085 3467 1186 3522 Ambie
1198 3483 1225 3538 p.
1241 3470 1275 3522 58
1283 3470 1304 3537 ).
1319 3467 1473 3522 Ptolemaeus
1484 3467 1619 3533 Ellam,
1633 3487 1649 3522 a
1662 3489 1701 3524 η.

76 3559 241 3617 potentem
259 3549 439 3600 Romanorum
454 3547 533 3599 etiam
545 3547 573 3598 iu
590 3545 688 3598 Oceani
703 3553 795 3614 portus
815 3559 877 3614 pro·
916 3551 955 3617 gis
968 3549 1075 3601 nomine
1085 3549 1124 3600 sic
1134 3545 1228 3612 dictos,
1244 3547 1272 3599 in
1286 3565 1317 3601 ee
1329 3548 1438 3618 regione
1451 3557 1589 3612 memorat,
1605 3565 1665 3619 quae
1674 3550 1702 3602 in

76 3627 156 3682 lsslssffl
173 3647 247 3693 0⁵⁸0,
264 3638 290 3680 01
309 3627 405 3680 ducem
415 3627 529 3697 sslquGm
540 3625 704 3696 lfflpefflwrls
715 3622 824 3678 Adwen
836 3622 876 3675 di·
916 3627 1049 3698 Pen'plum
1067 3625 1214 3680 Charibaeli
1225 3624 1341 3697 subjecta
1355 3637 1404 3679 est.
1419 3627 1515 3678 Noster
1528 3623 1643 3697 denique
1655 3645 1702 3681 au·

75 3709 177 3774 ruisse,
194 3718 247 3770 ut,
269 3705 371 3759 sublato
384 3705 436 3758 hoe
455 3705 575 3776 emporio
595 3703 717 3766 Arabico,
729 3701 876 3755 commodis
916 3717 974 3760 ctor
987 3724 1034 3759 sua
1047 3716 1121 3759 aetate
1134 3722 1222 3775 regem
1235 3715 1313 3759 teme
1328 3704 1463 3761 thuril’erm
1479 3703 1545 3761 dicit
1564 3707 1700 3769 Eleorum,

76 3787 312 3838 commerciorum
323 3786 503 3838 Romanorum
515 3781 670 3835 consuleret.
682 3779 803 3835 Eundem
813 3783 877 3834 Viu-
917 3784 990 3855 quod
1003 3803 1100 3838 nomen
1120 3785 1227 3838 nonnisi
1241 3783 1292 3838 alia
1307 3783 1392 3845 forma
1407 3785 1523 3839 nominis
1545 3784 1704 3840 Elisarsivc

73 3876 187 3918 centum
207 3868 308 3918 Leuce
325 3881 408 3918 comae
421 3865 569 3916 Romanum
587 3859 739 3932 praesidium
756 3871 783 3914 et
796 3861 877 3912 recti·
917 3864 1068 3916 Ilisareme
1080 3862 1242 3917 videtur.1n
1255 3864 1362 3917 Elisaris
1381 3881 1463 3934 regno
1479 3865 1529 3916 sita
1546 3873 1603 3917 erat
1622 3869 1701 3927 Cane,

74 3943 175 4009 galium
203 3953 393 4014 perceptorem
421 3943 557 4012 imponere
579 3957 658 4011 supra
685 3939 719 4010 (ς
744 3941 795 4008 19)
820 3937 875 4008 jam
918 3942 1061 3995 maximum
1080 3943 1109 3995 in
1135 3941 1185 3995 bae
1204 3942 1308 3998 Ambio
1328 3959 1376 4000 ora
1394 3943 1557 4013 emporium,
1578 3943 1650 4012 quod
1669 3948 1704 3996 ad

74 4024 258 4084 monuimus,
281 4037 442 4092 quamquam
461 4037 548 4090 neque
568 4019 677 4070 historia
696 4033 781 4086 neque
798 4017 876 4070 verba
917 4022 1124 4074 eximiamistam
1137 4020 1296 4087 felicitatem,
1310 4039 1342 4074 ex
1356 4019 1506 4096 conjectura
1518 4029 1616 4084 nostra,
1629 4019 1703 4073 Elea-

76 4102 176 4172 Pcripli
192 4099 332 4171 ejusmodi
350 4098 417 4170 quid
436 4098 614 4170 suppeditent.
627 4099 687 4150 Jam
709 4093 781 4166 quod
799 4095 876 4150 Plinii
918 4116 961 4152 sar
981 4116 1014 4152 eo
1035 4098 1176 4153 adduxisse
1198 4099 1313 4164 videtur,
1330 4097 1404 4170 quod
1421 4099 1500 4151 vieini
1523 4099 1596 4167 regni
1614 4116 1704 4168 empo-

73 4178 165 4232 locum
189 4181 310 4243 attinet,
334 4177 400 4231 nihil
421 4177 526 4231 adrem
545 4176 607 4230 lacit
620 4175 735 4229 Plocami
755 4173 876 4228 libertum
917 4179 1006 4242 num,
1030 4177 1220 4242 Eudaemonem
1242 4178 1386 4244 Arabiam,
1413 4175 1552 4240 destruxit,
1576 4179 1703 4230 Praeterm

71 4259 216 4326 quendam
233 4259 266 4310 in
279 4259 386 4310 Ooeano
400 4258 542 4326 navigasse,
558 4273 641 4326 quum
657 4252 691 4306 de
704 4253 814 4306 oonsilio
822 4253 878 4324 ejus
918 4275 1039 4326 magnam
1058 4256 1167 4318 fortasse
1186 4254 1242 4333 ejus
1259 4257 1333 4326 regni
1348 4243 1452 4326 partem
1470 4253 1520 4305 sibi
1542 4270 1590 4334 per
1601 4263 1705 4323 tempus

72 4337 264 4408 navigationis
275 4336 342 4388 nihil
354 4345 470 4401 eoustet;
483 4334 616 4404 vectigalia
634 4343 722 4386 autem
744 4350 803 4403 qne
817 4334 877 4386 Plo·
917 4335 1024 4406 aliquod
1040 4333 1160 4404 subjecit,
1172 4332 1306 4408 giqnldem
1317 4332 1471 4394 ptolemeus
1482 4329 1594 4390 Elisaros
1605 4348 1704 4383 memo-

71 4435 168 4470 (amus
182 4416 358 4480 redemerat,
379 4415 485 4468 nonnisi
505 4425 631 4485 portuum
649 4413 830 4484 Egyptiorum
844 4412 878 4466 ad
918 4424 959 4466 rat
975 4414 1004 4466 in
1018 4408 1137 4482 regione,
1154 4429 1213 4482 quae
1228 4411 1324 4482 Peripli
1338 4421 1411 4464 aetate
1424 4408 1570 4468 Charibaeli
1585 4409 1699 4491 parebat.

71 4499 164 4550 sinum
186 4495 341 4551 Arabicum
355 4513 410 4548 esse
421 4503 552 4565 poterant,
565 4491 695 4562 siquidem
713 4502 806 4563 putare
819 4493 878 4546 lioet
918 4493 977 4544 Hoc
995 4492 1018 4544 si
1037 4501 1093 4554 est,
1115 4489 1284 4555 statuendum
1296 4489 1365 4545 leret
1386 4488 1484 4547 sontem
1502 4505 1535 4551 er
1552 4504 1607 4557 quo
1618 4487 1704 4540 Ptole·

70 4593 166 4628 rerum
183 4576 375 4626 Romanarum
398 4571 592 4642 scriptores,si
612 4570 739 4624 aliterms
751 4569 876 4634 haberet,
920 4586 999 4623 maus
1013 4568 1118 4624 Arabiae
1134 4587 1188 4622 ore
1209 4568 1413 4640 descriptionem
1425 4566 1535 4631 sumsit,
1552 4575 1643 4628 nostro
1659 4581 1705 4638 ps-

71 4664 183 4706 tantum
203 4651 339 4722 potentiae
361 4651 486 4702 Romanae
510 4649 702 4702 incrementum
724 4665 778 4700 non
800 4646 879 4700 luisse
918 4648 987 4720 riplo
998 4649 1173 4718 antiquiorem
1187 4665 1253 4701 esse.

70 4727 611 4801 altoprcssurossilmtio.ll1ultoetiam
625 4725 800 4780 confidentius
815 4743 878 4780 cou-
953 4727 1223 4798 §Phlibbalporoe
1242 4721 1705 4796 ’hpuotar‘ssJSatiestElbclporoe

70 4809 196 4862 tenderis
211 4823 303 4860 unam
317 4803 391 4857 istam
406 4805 608 4877 Periplinooem
619 4823 675 4860 non
686 4805 743 4875 ejus
754 4821 810 4858 esse
822 4821 879 4858 ιντο·
922 4803 1225 4878 hpcilae.Quequidem
1233 4804 1369 4858 fluctuatio
1377 4821 1409 4857 ex
1418 4799 1475 4875 ipsa
1483 4801 1704 4859 denominationis

71 4889 157 4939 menti
183 4897 220 4938 ut
245 4883 315 4936 binc
339 4886 505 4956 proficiscens
537 4884 664 4954 redegere
688 4884 825 4937 historiam
848 4901 879 4936 ao
919 4883 998 4955 hujus
1011 4885 1112 4954 origine
1120 4885 1243 4956 explicari
1253 4885 1346 4956 possit,
1357 4883 1408 4936 nisi
1422 4881 1540 4954 sphalma
1550 4881 1650 4935 librarii
1662 4898 1704 4933 su·

70 4967 253 5037 negligentia·
268 4963 408 5017 historicos
421 4981 542 5016 accusare
557 4963 713 5034 prudentior
728 4963 822 5033 aliquis
834 4979 879 5016 au·
920 4963 1213 5032 bessemavclis.ll-rl,.
1227 4961 1437 5041 Ἰχθυοφάγων
1449 4959 1702 5030 παραιτούμενος]

69 5047 143 5100 dent.
157 5047 235 5098 Nam
253 5043 279 5093 si
295 5041 437 5096 recteillud
448 5042 542 5112 λἀῖσοιρ
554 5042 642 5108 babet,
657 5042 723 5096 nihil
734 5041 806 5095 aliud
817 5041 880 5095 inds
919 5044 1120 5113 παραιτουμένοις
1134 5040 1228 5094 codex.
1240 5041 1326 5095 Possis
1340 5039 1480 5120 etiami-pli.
1495 5037 1543 5109 [lv]
1555 5039 1704 5107 ιιώμαιςαα-

70 5126 200 5195 colligere
231 5121 317 5186 licet,
344 5123 393 5173 nisi
416 5121 511 5174 ducem
535 5121 648 5192 aliquem
672 5125 819 5176 Romanurn
846 5139 878 5176 ea
920 5124 1095 5193 ροιιοορένων,
1108 5118 1559 5190 ll-17.llari]Cl.PliniusVl,
1572 5117 1706 5170 αθεῦιιιο

69 5208 190 5277 .·l·)gypto
213 5197 373 5274 proiectum
391 5199 502 5256 diruisse
514 5204 662 5274 emporium
678 5202 716 5256 rel
731 5212 759 5255 ut
771 5200 879 5272 injurias
921 5198 1429 5272 rtraenfimngiosteetprotemaeust.t
1449 5198 1495 5269 qui
1509 5194 1704 5266 λραθίανίμπό-
