3775 5750
157 380 258 457 cxxiv*
297 408 300 415 .
808 362 1110 429 tnotmoutttts.

157 496 210 571 qui
235 494 267 553 in
288 492 389 572 Libyas
412 494 534 573 paraplo
555 492 582 574 (5
601 492 699 568 ι-ιαρ)
728 494 845 553 notitias
868 510 945 553 nau·
988 496 1183 575 Apolloniam.
1198 496 1437 575 Proximausque
1449 496 1485 556 ad
1495 496 1655 556 berenicen
1666 497 1776 557 inscri-
1886 518 1887 521 ¹

158 593 228 649 tiens
243 590 396 665 diligentes·
409 602 437 647 et
451 590 609 669 plurimum
624 590 797 661 enotaverit,
810 590 841 649 in
855 588 942 647 Phoe·
985 591 1097 650 buntur
1110 590 1254 673 Κυρήνης(
1273 593 1368 651 voluit
1381 605 1482 651 auctor
1509 593 1667 659 πεντάπολιτ
1682 594 1777 673 Κυρή-

159 686 245 744 nicias
255 698 350 744 autem
360 698 388 744 et
399 684 491 763 Syriae
503 686 587 743 litore
595 684 621 765 (5
632 683 785 765 rad-153),
799 704 889 763 quum
901 698 944 743 ter
986 709 1032 757 νης
1053 688 1073 765 J.
1095 688 1244 758 Quatenus
1265 688 1302 745 ab
1321 689 1477 768 Apollonia
1501 690 1644 747 orientem
1662 708 1774 747 versus

159 782 302 841 duntaxat
327 781 354 862 (5
381 784 448 843 128.
474 783 538 851 131..
565 781 640 863 146)
655 782 692 841 de
710 781 798 841 rebus
820 782 944 842 nauticis
987 783 1062 841 ditio
1073 782 1234 861 Cyrenaica
1245 784 1435 862 pertinuerit,
1455 804 1515 844 nnn
1532 796 1660 856 notatur,
1681 804 1775 861 quum

160 890 287 951 moneat,
308 896 440 953 magnam
465 876 526 955 jam
551 876 746 936 festinantiam
771 876 888 955 prodat,
913 877 944 935 in
988 892 1083 938 tamen
1098 879 1306 939 occidentalem
1319 882 1476 940 terminum
1491 881 1527 940 ad
1547 881 1779 940 arasPhilaeno-

160 973 350 1051 sequentibus
369 972 495 1053 denique
516 974 652 1032 fatiscens
669 973 716 1031 vel
737 973 824 1031 taedio
849 974 945 1033 victus
988 976 1300 1055 cumponendamsiil.
1316 992 1465 1039 memoret
1479 978 1590 1036 Deinde
1604 998 1621 1036 a
1636 974 1780 1036 Berenice
1886 992 1887 1049 l

160 1068 261 1127 omnia
274 1088 339 1145 quae
348 1068 504 1144 fugientem
516 1068 658 1125 calamum
671 1066 848 1140 inhiberent,
861 1067 945 1145 abje-
988 1072 1120 1150 sequitur
1131 1070 1226 1151 Σύρτις
1237 1072 1394 1152 Κυρηναίων
1405 1070 1432 1153 (5
1440 1069 1488 1152 58)
1501 1085 1530 1130 et
1541 1092 1610 1130 mox
1619 1074 1645 1149 (5
1654 1074 1703 1150 6ο)
1711 1084 1781 1150 post
1885 1054 1887 1063 Α

160 1166 246 1239 oerit,
267 1175 334 1241 post
346 1162 408 1220 hae
425 1174 521 1221 tamen
536 1174 665 1220 resumto
685 1162 790 1239 splritu
804 1162 836 1219 in
855 1161 945 1241 Cypri
988 1167 1112 1227 Boreum
1135 1168 1369 1248 promontorium
1383 1189 1420 1228 ex
1431 1169 1490 1227 alio
1505 1170 1583 1227 fonte
1596 1189 1692 1227 novus
1706 1170 1780 1227 titu-

159 1270 189 1315 et
202 1257 294 1316 Cretae
305 1256 430 1337 periplis
444 1257 481 1317 ad
495 1256 646 1335 pristinam
662 1255 841 1334 diligentiam
854 1274 948 1315 rever·
990 1266 1036 1325 tus
1049 1264 1143 1345 Σύρτις
1157 1264 1296 1346 Κυρήνης
1306 1266 1447 1324 nimirum
1459 1265 1535 1324 alios
1546 1264 1583 1323 ad
1597 1264 1778 1337 Berenicen,
1886 1296 1887 1321 t

160 1371 210 1411 sus
230 1354 278 1414 sit.
296 1355 334 1412 At
351 1372 412 1411 non
431 1353 472 1411 ita
490 1370 552 1410 rem
566 1350 689 1423 habere,
709 1350 760 1409 sed
781 1352 947 1429 complures
989 1361 1063 1420 alios
1075 1361 1112 1420 ad
1125 1362 1250 1420 boreum
1265 1382 1311 1441 pr.
1327 1361 1421 1438 Syrtis
1434 1360 1551 1419 initium
1561 1360 1695 1439 posuisse
1706 1381 1779 1417 con-

162 1448 298 1507 Nostrum
318 1448 410 1507 fontes
424 1466 594 1523 usurpasse,
609 1447 636 1505 si
656 1447 771 1523 singula
791 1447 949 1522 diligenter
990 1468 1055 1514 stat.
1074 1456 1205 1515 Pertinet
1226 1474 1367 1533 esusque
1385 1455 1421 1513 ad
1437 1456 1527 1526 Aras,
1543 1455 1652 1531 quibus
1666 1476 1780 1513 memo·

161 1544 337 1623 perpendas,
350 1544 412 1603 veri
423 1544 599 1603 fitsimilius.
608 1542 643 1601 ln
652 1544 716 1621 ipsa
723 1542 825 1621 Libyae
834 1544 948 1603 descri-
990 1548 1076 1621 ratis,
1092 1568 1186 1607 novus
1197 1549 1317 1626 ponitur
1328 1549 1430 1606 titulus
1445 1549 1472 1627 (5
1489 1549 1536 1625 85)
1553 1546 1647 1626 Σύρτις
1657 1549 1780 1623 μεγάλη,

162 1640 264 1717 ptione
271 1640 323 1712 ,in
339 1658 397 1716 qua
409 1656 476 1716 pars
484 1638 599 1695 nautica
609 1656 670 1716 prae
678 1638 781 1696 ceteris
791 1638 949 1716 conspicua
990 1642 1074 1720 quasi
1109 1644 1308 1702 antecedentia
1334 1662 1394 1700 non
1424 1656 1520 1701 essent
1546 1662 1614 1721 pars
1645 1641 1779 1721 ejusdem
1885 1704 1887 1721 ἶ

161 1746 220 1805 est,
233 1746 334 1791 auctor
342 1746 449 1813 praeter
457 1733 604 1791 nauticum
616 1731 749 1791 libellum
760 1732 846 1790 etiam
857 1732 948 1791 alium
990 1737 1117 1815 Syrtidis
1144 1736 1266 1813 Magnae.
1288 1738 1427 1815 Sequitur
1449 1738 1466 1813 5
1493 1756 1547 1795 roo
1567 1736 1664 1815 Syrtis
1686 1759 1781 1816 parva
1885 1728 1887 1799 i

163 1828 310 1906 periplum
334 1826 494 1907 (eundem,
514 1840 597 1905 puto,
610 1827 658 1885 cui
678 1827 709 1885 in
729 1827 805 1885 ssiae
826 1828 949 1887 minoris
991 1854 1084 1913 usque
1110 1835 1146 1893 ad
1173 1833 1322 1912 Thapsum
1344 1836 1370 1911 (5
1398 1835 1475 1909 ιι3).
1500 1832 1649 1893 Proximis
1674 1837 1781 1894 titulus
1885 1846 1887 1907 ᾖ

162 1922 286 1999 paraplo
301 1940 332 1981 se
344 1919 476 2001 addixit]
490 1919 530 1980 oh
548 1921 649 1979 oculos
667 1918 803 1981 babuisse
818 1920 946 1980 videtur.
991 1930 1152 2009 praefigitur
1168 1951 1175 1987 ι
1193 1928 1290 1990 Λοιπὸν
1305 1928 1431 2001 Φοινίκη,
1445 1929 1508 1987 sive
1520 1929 1599 2005 quod
1610 1942 1677 2008 post
1689 1931 1780 1988 linem
1885 1918 1887 1929 ί

163 2014 197 2073 ld
211 2015 289 2073 enim
304 2015 406 2075 suadet
421 2015 499 2094 quod
516 2018 548 2074 in
566 2016 662 2095 prima
673 2015 737 2093 ejus
753 2028 836 2095 parte
848 2014 875 2096 (5
890 2014 949 2096 1-9)
991 2025 1119 2103 Syrtidis
1146 2044 1252 2083 novam
1276 2023 1496 2103 inscriptionem
1522 2022 1655 2100 llaffltans
1676 2038 1781 2085 auctor

163 2110 274 2170 notitiae
293 2111 415 2172 naudcae
437 2110 557 2171 nonnisi
576 2110 773 2189 parenthetice
795 2110 874 2168 inter
892 2129 950 2168 no-
991 2121 1141 2197 regionem
1155 2120 1295 2178 Punicam
1314 2138 1350 2177 eo
1372 2119 1492 2178 nomine
1504 2120 1620 2195 signare
1630 2120 1779 2193 voluerit,

164 2210 243 2268 mina
260 2210 391 2269 locorum
407 2221 436 2267 02
451 2206 654 2267 distantiarum
669 2218 752 2265 ⁰⁰²8³
767 2208 947 2278 inferuntur,
991 2215 1144 2293 sinequod
1156 2234 1222 2275 sero
1243 2216 1358 2273 demum
1371 2216 1472 2273 titulus
1487 2214 1641 2274 alibrario
1661 2216 1782 2277 additus
1886 2206 1887 2249 3

163 2318 197 2364 ut
217 2304 363 2364 inhians:
385 2304 448 2363 Ἀπὸ
461 2302 631 2383 Ταποσίρῑως
648 2302 692 2361 tnt
711 2300 949 2382 exputatum
991 2323 1050 2383 est,
1065 2311 1117 2389 qui
1129 2323 1292 2369 truncatum
1304 2309 1365 2388 jam
1381 2310 1510 2369 codicem
1527 2310 1637 2369 habens
1652 2313 1779 2392 inseqq.
1886 2330 1887 2385 j

166 2402 235 2460 ἐστί·
252 2402 340 2483 βράχη
354 2399 517 2484 ραινάμενα)
542 2398 643 2458 σδάδιοι
662 2398 696 2477 h'·
720 2397 785 2459 ’Ant
810 2396 950 2470 Πλινθίνης
991 2410 1019 2485 (5
1036 2406 1101 2486 128)
1118 2406 1277 2466 Phoeniciae
1293 2405 1402 2487 oppida
1420 2407 1566 2466 recenseri
1580 2408 1701 2467 videret.
1719 2410 1805 2469 lloc=

165 2496 209 2556 iai
222 2497 368 2577 Ταπόσιριν
381 2495 390 2577 (
402 2494 476 2562 sohte
495 2493 565 2553 favit
582 2492 717 2569 ἀλίμενος·
732 2492 800 2569 ἱερὸν
814 2496 859 2551 τοῦ
874 2490 949 2552 Ὀσί·
992 2504 1017 2562 si
1038 2514 1099 2576 est,
1121 2514 1232 2562 ceteros
1245 2522 1363 2581 quoque
1377 2502 1477 2562 titulos
1497 2502 1628 2561 indidem
1647 2520 1782 2583 repetere

166 2592 233 2670 ρῑδῠς
247 2590 368 2671 (στάδιοι
380 2589 404 2669 ί(
414 2602 443 2647 et
453 2590 496 2648 ⁸5⁰
509 2608 609 2668 P⁰rr⁰·
621 2588 715 2659 Quam
729 2587 950 2646 ⁸d⁰ffl³ii0¹¹0ffl
992 2599 1109 2672 licebit;
1126 2601 1172 2659 sin
1194 2600 1305 2676 minua,
1317 2610 1419 2657 ουσιαι·
1431 2618 1447 2657 e
1462 2599 1589 2659 diversis
1608 2599 1695 2659 libris
1709 2600 1782 2659 hinc

165 2687 425 2746 incommodiorem
436 2685 578 2765 relinquit
586 2682 656 2742 inde
667 2685 711 2760 &S
725 2704 776 2756 ¹0,
787 2684 840 2742 ubi
852 2684 950 2762 1)ΐὶωο
992 2695 1061 2754 inde
1070 2694 1183 2772 aliquid
1195 2694 1340 2775 arripiens
1354 2695 1438 2754 istam
1449 2695 1674 2774 inscriptionum
1687 2696 1782 2755 farra·

164 2782 350 2841 stadiasmnm
363 2781 455 2852 affert,
467 2781 572 2839 deinde
582 2792 677 2838 cetera
686 2778 847 2856 subjungit.
863 2778 951 2837 Prior
992 2792 1087 2866 ginem
1100 2790 1227 2865 collegit,

166 2875 951 2937 ratiuindicaremihivideturstadiastnoalicuiexalio
1030 2876 1783 2958 205.'f'ranseamusadhsiaeminorisinsularumqne
1886 2955 1887 2964 ἵ

165 2976 281 3056 periplo
293 2975 411 3034 notitias
423 2973 553 3033 nauticas
560 2972 672 3032 additas
679 2989 752 3032 esse.
764 2969 872 3030 Eodem
884 2971 952 3031 facit
993 2974 1191 3048 stadiasmum‚
1201 2995 1287 3053 quem
1298 2993 1361 3033 esse
1372 2992 1448 3053 opus
1463 2973 1685 3033 vermiculatum
1695 2975 1782 3034 facile

167 3073 247 3152 quod
261 3073 407 3132 interdum
421 3071 530 3151 duplex
552 3070 682 3148 ejusdem
697 3071 756 3129 loci
772 3089 878 3128 nomen
892 3085 951 3129 tam
992 3073 1206 3149 cognoscimus.
1221 3077 1263 3130 dc
1285 3073 1414 3147 primum
1433 3072 1485 3148 qui
1504 3072 1642 3148 leguntur
1654 3071 1748 3150 diapli
1764 3091 1783 3130 a

166 3167 345 3226 inconcinne
360 3167 447 3226 modo
456 3165 626 3245 apponitur,
641 3178 674 3224 ut
686 3186 746 3225 non
759 3169 864 3224 veteris
878 3167 952 3227 scri·
994 3167 1097 3228 Rhodo
1123 3167 1160 3226 ad
1182 3167 1336 3245 Scyllaeum
1362 3165 1388 3246 (5
1407 3167 1487 3244 275),
1509 3185 1527 3224 a
1553 3165 1595 3226 Co
1617 3167 1648 3225 in
1674 3167 1781 3226 Delum

166 3265 380 3344 ptoristuanum
389 3264 438 3324 sed
445 3264 503 3323 seri
511 3263 792 3342 aevieompilatorem
799 3282 949 3340 agnoscas.
992 3263 1021 3342 (5
1035 3266 1103 3324 ado.
1117 3264 1198 3341 aila),
1214 3281 1232 3320 a
1244 3261 1350 3340 llyndo
1365 3262 1401 3319 ad
1412 3260 1535 3320 Sunium
1550 3263 1576 3338 (5
1589 3261 1672 3338 281),
1686 3283 1780 3340 quum

165 3360 214 3419 Sic
227 3361 244 3436 5
257 3361 293 3418 56
306 3381 314 3418 ε
327 3359 390 3419 Ἀπὸ
405 3357 585 3438 Πτολεμαίδος
596 3361 631 3427 τίς
639 3359 771 3440 Ταύχειρα
789 3359 889 3420 στάδιοι
902 3361 952 3419 ον’·
993 3363 1101 3420 mirum
1115 3361 1147 3419 in
1166 3360 1284 3419 modum
1300 3358 1388 3416 laceri
1401 3359 1470 3429 sint,
1489 3358 1537 3416 vel
1551 3355 1621 3416 hine
1635 3355 1782 3436 suspicari

165 3457 241 3523 πόλις
250 3456 306 3515 ἐστὶ
317 3456 505 3525 Πενταπάλιιυς
518 3455 629 3537 ἀρχαία.
644 3455 719 3530 Αὕτη
733 3457 852 3516 καλεῖται
867 3457 953 3536 Ἃρσι·
994 3459 1062 3518 licet
1076 3458 1160 3518 initio
1167 3475 1217 3515 eos
1231 3455 1350 3514 nonnisi
1365 3455 1491 3531 margini
1500 3454 1661 3552 adscrippos
1673 3455 1781 3527 fuisse;

165 3550 224 3626 νάη.
238 3551 298 3612 Ubi
311 3571 348 3612 ne
360 3565 443 3633 putes
457 3554 592 3614 voculam
607 3555 726 3614 atalante
739 3555 859 3613 ιιαλιῒται
873 3555 954 3614 exci·
995 3574 1082 3632 quam
1105 3552 1301 3630 conjecturam
1317 3551 1411 3607 firmat
1423 3549 1503 3627 quod
1521 3570 1581 3608 non
1602 3550 1663 3609 suis
1679 3571 1784 3610 omnes

167 3647 257 3720 disse,
279 3659 378 3708 vetant
398 3648 520 3724 gemella
533 3649 594 3707 haec
610 3651 627 3726 5
651 3647 690 3726 95
708 3669 714 3706 ι
738 3645 804 3707 ’snt
823 3645 953 3728 Ἑρμαίου
994 3649 1067 3710 locis
1082 3670 1159 3708 nunc
1171 3649 1203 3706 in
1215 3646 1374 3707 verborum
1387 3647 1491 3705 ordine
1509 3659 1631 3706 exstant.
1644 3645 1716 3704 Nam
1728 3649 1782 3725 qui

167 3741 211 3800 snt
222 3741 333 3824 Poipupu
349 3741 449 3802 στάδιοι
457 3742 517 3805 τ’...
530 3745 659 3805 Ιίαλεῗται
673 3743 848 3822 Αίνεόσπορα.
863 3746 927 3821 593
944 3763 952 3804 :
994 3747 1013 3828 5
1026 3748 1083 3805 ailo
1092 3745 1216 3804 habetur
1227 3744 1340 3824 diaplus
1351 3763 1403 3821 per
1414 3744 1523 3802 insulas
1534 3743 1602 3803 aCo
1614 3743 1651 3802 ad
1662 3743 1782 3814 Delium,

167 3836 253 3916 [unt
278 3840 407 3918 Κεραλῶν
421 3840 456 3905 τίς
480 3839 613 3902 Nassete
627 3839 727 3899 στάδιοι
754 3837 858 3924 χν’]....
886 3838 953 3914 αὕτη
996 3845 1023 3903 is
1045 3843 1197 3901 manifesto
1216 3841 1300 3920 quasi
1326 3839 1550 3899 commentarius
1564 3841 1628 3899 sive
1646 3839 1784 3899 scholion

167 3933 288 3992 καλεῖται
299 3931 406 3999 Δίπτις.
422 3931 473 3992 His
491 3931 564 3992 adde
579 3935 640 4012 §dt
655 3953 662 3995 τ
675 3933 739 3994 Ἀπὸ
751 3939 795 3994 τοῦ
812 3933 954 4016 Βατράχου
995 3941 1088 4000 estad
1108 3937 1198 3997 verba
1211 3937 1359 3997 stadiasmi
1374 3938 1460 4014 §279
1478 3958 1485 3994 ε
1500 3934 1565 3997 'Aah
1579 3938 1627 3997 Κῶ
1641 3939 1677 4003 είς
1693 3940 1784 4007 Δῆλον

168 4029 204 4094 είς
222 4028 356 4088 [flattina
371 4027 471 4086 στάδιοι
486 4027 536 4087 ον’.
553 4027 673 4110 Πρὸςτῷ
684 4029 793 4110 πελάγει
806 4031 891 4089 κεῖται
904 4035 954 4104 νῆ·
994 4035 1097 4095 στάδιοι
1122 4033 1183 4115 ped,
1210 4033 1334 4110 ideoque
1360 4033 1407 4092 hia
1430 4031 1531 4092 verbis
1558 4033 1654 4091 statim
1680 4031 1785 4091 fuisset

169 4145 212 4190 σος
223 4119 372 4196 καλουμίνη
386 4122 500 4182 Σιδωνία
512 4123 520 4204 (
531 4124 586 4184 i.e.
604 4123 723 4197 Ἀηδονία
732 4125 759 4203 );
775 4143 839 4184 nam
856 4125 953 4186 Platea
994 4127 1225 4210 subjungendus.
1238 4127 1381 4187 Similiter
1396 4127 1512 4206 diaplus
1524 4147 1541 4185 a
1552 4124 1660 4204 llyndo
1674 4127 1705 4184 in
1720 4127 1786 4185 Su-

166 4223 203 4278 ah
213 4219 401 4280 nedoniavix
409 4219 496 4279 fuerit
506 4219 632 4285 diversa.
646 4221 717 4292 Quae
726 4223 853 4300 quumin
864 4243 954 4282 anno·
994 4231 1076 4287 nium
1090 4229 1118 4304 (§
1134 4227 1202 4305 281)
1218 4237 1284 4304 post
1298 4225 1315 4302 5
1338 4223 1412 4296 273,
1428 4221 1480 4281 ubi
1500 4224 1536 4281 de
1549 4221 1659 4299 blyndo
1670 4221 1782 4298 agitur,

168 4315 278 4374 tatione
301 4334 318 4374 a
331 4315 491 4390 glossatore
515 4316 645 4394 profecta
670 4337 732 4378 esse
753 4320 951 4399 putavissem,
995 4322 1149 4402 ponendus
1163 4333 1235 4380 erat.
1246 4321 1311 4389 Quo
1326 4319 1473 4394 neglecto,
1489 4319 1597 4376 factum
1608 4329 1652 4376 est
1665 4330 1696 4375 ut
1708 4318 1786 4377 alter·

168 4429 247 4470 nune
266 4409 340 4470 nihil
365 4409 471 4483 video,
489 4411 562 4478 uuin
585 4431 623 4469 es
639 4413 762 4472 fontium
782 4413 953 4475 diversitate
994 4417 1068 4477 aco
1090 4419 1122 4477 in
1140 4417 1244 4474 lfelum
1263 4415 1380 4494 diaplus
1402 4411 1538 4493 (sadala
1552 4414 1652 4491 priore
1668 4415 1695 4489 (5
1709 4417 1783 4485 ado)

168 4509 329 4566 derivanda
341 4507 411 4569 sint.
423 4506 617 4568 hocensendae
626 4508 763 4568 ridentur
776 4510 863 4568 etiam
872 4509 952 4589 ejus·
966 4531 968 4534 ⁴
995 4513 1070 4572 male
1088 4511 1286 4571 divelleretur.
1304 4543 1344 4556 --
1362 4509 1474 4568 Deinde
1487 4509 1657 4568 laterculum
1668 4509 1785 4567 distan-

168 4603 234 4662 dem
247 4603 374 4662 nominis
389 4604 604 4682 formantia,
620 4607 676 4684 οῑ5
689 4607 725 4662 52
741 4628 748 4664 ι
764 4609 800 4675 είς
820 4606 956 4674 Ἀπολλω-
996 4609 1180 4684 tiarumquae
1194 4604 1254 4664 sint
1267 4623 1285 4662 a
1304 4603 1406 4662 Rhodo
1424 4603 1460 4664 ad
1473 4603 1578 4679 viginti
1598 4603 1676 4663 Asiae
1690 4603 1786 4664 urbes

168 4697 225 4758 νίαν
246 4711 275 4756 et
295 4718 363 4756 mox
385 4701 421 4766 εἰς
447 4699 652 4760 Ἀτολλιυνιάδα
675 4700 788 4762 Deinde
812 4703 887 4762 mira
910 4719 955 4764 est
995 4703 1143 4762 insulasve
1153 4699 1180 4780 (5
1191 4700 1273 4778 271),
1289 4720 1348 4758 non
1358 4718 1395 4758 ex
1405 4698 1507 4758 eodem
1525 4698 1604 4758 fonte
1618 4718 1735 4758 manate
1743 4719 1785 4761 ex

168 4795 301 4854 confusio
315 4795 347 4854 in
357 4795 462 4874 titulis,
473 4800 524 4876 qui
539 4799 664 4876 singulis
678 4819 739 4858 orae
752 4798 870 4878 Libycae
885 4819 955 4880 par·
995 4817 1055 4878 quo
1068 4797 1244 4856 continentis
1251 4813 1303 4854 ora
1316 4792 1505 4866 describitur,
1515 4793 1682 4870 colligimus
1691 4813 1708 4852 e
1717 4813 1787 4853 rer·

169 4891 248 4952 tibus
274 4891 477 4974 praefiguntur,
506 4895 594 4954 modo
622 4913 639 4954 a
664 4895 798 4956 barbaris
829 4897 953 4972 accolis,
995 4893 1042 4956 bis
1055 4893 1106 4957 ’Ex
1118 4891 1213 4960 Ῥόδου
1225 4893 1261 4962 τίς
1271 4891 1379 4955 Φύσκον
1391 4889 1492 4951 στάδιοι
1504 4892 1553 4954 ον’.
1568 4889 1640 4952 Nam
1648 4891 1785 4971 Physcus

168 4989 255 5048 modo
268 4987 479 5065 areguantium
487 4991 664 5068 populorum
673 4991 854 5064 ditionibus,
866 4994 954 5054 modo
995 4989 1068 5052 urbs
1089 4991 1125 5050 in
1145 5009 1215 5048 orae·
1226 4987 1425 5066 descriptione
1445 5007 1507 5046 non
1527 5001 1635 5058 exstat,
1650 4989 1702 5047 sed
1720 5009 1785 5066 quo

91 5147 92 5150 Ἴ
168 5083 309 5142 asinuum
318 5081 584 5162 nominihuspetiti.
594 5085 717 5147 'fractus
725 5087 953 5166 qniabhlexan-
995 5085 1371 5163 locoPhyscussituserat,
1386 5083 1487 5143 Samos
1502 5094 1687 5160 muneratur,
1700 5088 1783 5162 quod

169 5177 234 5238 dria
245 5177 281 5236 ad
293 5177 429 5256 Magnum
443 5177 662 5240 Catabathmum
677 5184 803 5261 pertinet
813 5183 839 5264 (5
857 5160 969 5263 1-33),'
996 5179 1097 5241 navaie
1115 5179 1223 5259 Physci
1241 5179 1331 5238 fuisse
1348 5179 1475 5244 videtur.
1492 5181 1637 5240 pneuma
1653 5200 1671 5240 a
1692 5180 1783 5240 Sumo

171 5275 362 5355 inscriptione
372 5289 459 5340 caret.
475 5277 613 5356 Sequitur
625 5279 797 5340 blarmarica
810 5301 902 5362 usque
916 5282 952 5341 ud
995 5280 1030 5340 ad
1041 5278 1178 5338 ilbodum
1195 5277 1374 5338 Stadiusmus
1388 5279 1458 5339 satis
1472 5290 1548 5338 recte
1560 5290 1706 5357 computat
1723 5292 1782 5338 sta·
