<?xml version="1.0" encoding="UTF-8"?>
<!DOCTYPE html PUBLIC "-//W3C//DTD XHTML 1.0 Transitional//EN"
    "http://www.w3.org/TR/xhtml1/DTD/xhtml1-transitional.dtd">
<html xmlns="http://www.w3.org/1999/xhtml" xml:lang="en" lang="en">
 <head>
  <title>
</title>
<meta http-equiv="Content-Type" content="text/html;charset=utf-8" />
  <meta name='ocr-system' content='tesseract 3.04.00' />
  <meta name='ocr-capabilities' content='ocr_page ocr_carea ocr_par ocr_line ocrx_word'/>
</head>
<body>
  <div class='ocr_page' id='page_1' title='image "./geographigraeci00unkngoog_0191.png"; bbox 0 0 3775 5750; ppageno 0'>
   <div class='ocr_carea' id='block_1_1' title="bbox 87 332 1704 442">
    <p class='ocr_par' dir='ltr' id='par_1_1' title="bbox 87 332 1704 442">
     <span class='ocr_line' id='line_1_1' title="bbox 87 332 1704 442; baseline 0 -19"><span class='ocrx_word' id='word_1_1' title='bbox 87 364 120 442; x_wconf 72' lang='lat' dir='ltr'><strong>p)</strong></span> <span class='ocrx_word' id='word_1_2' title='bbox 493 332 496 337; x_wconf 73' lang='grc'>’</span> <span class='ocrx_word' id='word_1_3' title='bbox 798 358 993 423; x_wconf 75' lang='lat' dir='ltr'><strong>renierus.</strong></span> <span class='ocrx_word' id='word_1_4' title='bbox 1669 369 1704 423; x_wconf 82' lang='grc' dir='ltr'><strong>ιι</strong></span> 
     </span>
    </p>
   </div>
   <div class='ocr_carea' id='block_1_2' title="bbox 84 488 1768 1016">
    <p class='ocr_par' dir='ltr' id='par_1_2' title="bbox 84 488 1768 839">
     <span class='ocr_line' id='line_1_2' title="bbox 86 488 1708 574; baseline 0 -21"><span class='ocrx_word' id='word_1_5' title='bbox 86 496 184 572; x_wconf 79' lang='grc' dir='ltr'><strong>ἥμισυ·</strong></span> <span class='ocrx_word' id='word_1_6' title='bbox 197 493 244 554; x_wconf 73' lang='grc' dir='ltr'><strong>καὶ</strong></span> <span class='ocrx_word' id='word_1_7' title='bbox 258 495 370 573; x_wconf 77' lang='grc' dir='ltr'>Κάδμου</span> <span class='ocrx_word' id='word_1_8' title='bbox 380 492 425 553; x_wconf 77' lang='grc' dir='ltr'><strong>οιαὶ</strong></span> <span class='ocrx_word' id='word_1_9' title='bbox 437 488 575 574; x_wconf 79' lang='grc' dir='ltr'><strong>Ἁρμονίας</strong></span> <span class='ocrx_word' id='word_1_10' title='bbox 587 494 611 552; x_wconf 87' lang='lat' dir='ltr'><strong>oi</strong></span> <span class='ocrx_word' id='word_1_11' title='bbox 624 490 691 552; x_wconf 76' lang='grc' dir='ltr'><strong>λίθοι</strong></span> <span class='ocrx_word' id='word_1_12' title='bbox 702 490 767 552; x_wconf 80' lang='lat' dir='ltr'><strong>aiala</strong></span> <span class='ocrx_word' id='word_1_13' title='bbox 780 494 873 553; x_wconf 70' lang='grc' dir='ltr'><strong>ἄντοῦ·</strong></span> <span class='ocrx_word' id='word_1_14' title='bbox 919 516 998 569; x_wconf 89' lang='lat' dir='ltr'><strong>rupes</strong></span> <span class='ocrx_word' id='word_1_15' title='bbox 1015 507 1094 567; x_wconf 90' lang='lat' dir='ltr'><strong>atque</strong></span> <span class='ocrx_word' id='word_1_16' title='bbox 1110 495 1199 551; x_wconf 85' lang='lat' dir='ltr'><strong>sanum</strong></span> <span class='ocrx_word' id='word_1_17' title='bbox 1220 497 1299 565; x_wconf 82' lang='lat' dir='ltr'><strong>[non]</strong></span> <span class='ocrx_word' id='word_1_18' title='bbox 1319 494 1412 567; x_wconf 89' lang='lat' dir='ltr'><strong>procul</strong></span> <span class='ocrx_word' id='word_1_19' title='bbox 1427 514 1443 549; x_wconf 95' lang='lat' dir='ltr'><strong>a</strong></span> <span class='ocrx_word' id='word_1_20' title='bbox 1465 496 1595 550; x_wconf 81' lang='lat' dir='ltr'><strong>llhizunte</strong></span> <span class='ocrx_word' id='word_1_21' title='bbox 1616 496 1708 553; x_wconf 70' lang='lat' dir='ltr'><strong>durio.</strong></span> 
     </span>
     <span class='ocr_line' id='line_1_3' title="bbox 86 580 1768 665; baseline -0.001 -25"><span class='ocrx_word' id='word_1_22' title='bbox 86 589 137 659; x_wconf 80' lang='lat' dir='ltr'><strong>lla,</strong></span> <span class='ocrx_word' id='word_1_23' title='bbox 151 583 197 642; x_wconf 79' lang='grc' dir='ltr'><strong>καὶ</strong></span> <span class='ocrx_word' id='word_1_24' title='bbox 208 582 278 661; x_wconf 76' lang='grc' dir='ltr'><strong>ἱερὸν</strong></span> <span class='ocrx_word' id='word_1_25' title='bbox 295 581 389 665; x_wconf 79' lang='grc' dir='ltr'><strong>[οὐκ]</strong></span> <span class='ocrx_word' id='word_1_26' title='bbox 403 581 507 641; x_wconf 73' lang='grc' dir='ltr'><strong>ἄπωθεν</strong></span> <span class='ocrx_word' id='word_1_27' title='bbox 517 586 564 639; x_wconf 81' lang='grc' dir='ltr'><strong>τοῦ</strong></span> <span class='ocrx_word' id='word_1_28' title='bbox 579 580 727 651; x_wconf 62' lang='lat' dir='ltr'><strong>‘Friniates</strong></span> <span class='ocrx_word' id='word_1_29' title='bbox 740 584 872 657; x_wconf 78' lang='grc' dir='ltr'><strong>ποταμοῦ.</strong></span> <span class='ocrx_word' id='word_1_30' title='bbox 919 586 1086 640; x_wconf 79' lang='grc' dir='ltr'><strong>ΑΚΙιὶιιιυιο</strong></span> <span class='ocrx_word' id='word_1_31' title='bbox 1101 595 1189 638; x_wconf 88' lang='lat' dir='ltr'><strong>autem</strong></span> <span class='ocrx_word' id='word_1_32' title='bbox 1203 584 1285 637; x_wconf 77' lang='lat' dir='ltr'><strong>durio</strong></span> <span class='ocrx_word' id='word_1_33' title='bbox 1307 602 1390 655; x_wconf 86' lang='lat' dir='ltr'><strong>usque</strong></span> <span class='ocrx_word' id='word_1_34' title='bbox 1404 584 1440 638; x_wconf 80' lang='lat' dir='ltr'><strong>ad</strong></span> <span class='ocrx_word' id='word_1_35' title='bbox 1457 583 1588 639; x_wconf 85' lang='lat' dir='ltr'><strong>Buthoarn</strong></span> <span class='ocrx_word' id='word_1_36' title='bbox 1605 588 1712 657; x_wconf 72' lang='lat' dir='ltr'><strong>naviga·</strong></span> <span class='ocrx_word' id='word_1_37' title='bbox 1753 585 1768 618; x_wconf 89' lang='lat'><strong>&#39;·&#39;</strong></span> 
     </span>
     <span class='ocr_line' id='line_1_4' title="bbox 84 668 1711 747; baseline -0.003 -16"><span class='ocrx_word' id='word_1_38' title='bbox 84 671 150 731; x_wconf 69' lang='lat' dir='ltr'><strong>lari</strong></span> <span class='ocrx_word' id='word_1_39' title='bbox 162 672 191 732; x_wconf 75' lang='lat' dir='ltr'><strong>dl</strong></span> <span class='ocrx_word' id='word_1_40' title='bbox 203 676 249 731; x_wconf 77' lang='grc' dir='ltr'><strong>τοῦ</strong></span> <span class='ocrx_word' id='word_1_41' title='bbox 259 670 407 740; x_wconf 78' lang='grc' dir='ltr'><strong>Ῥιζοῦντος</strong></span> <span class='ocrx_word' id='word_1_42' title='bbox 417 674 540 747; x_wconf 63' lang='grc' dir='ltr'><strong>ποταμοῦ</strong></span> <span class='ocrx_word' id='word_1_43' title='bbox 551 671 587 736; x_wconf 79' lang='lat' dir='ltr'><strong>alr</strong></span> <span class='ocrx_word' id='word_1_44' title='bbox 601 668 716 743; x_wconf 77' lang='grc' dir='ltr'><strong>Βουθόην</strong></span> <span class='ocrx_word' id='word_1_45' title='bbox 730 670 874 737; x_wconf 55' lang='grc' dir='ltr'><strong>διιλοῢθ*Ι</strong></span> <span class='ocrx_word' id='word_1_46' title='bbox 920 673 959 725; x_wconf 90' lang='lat' dir='ltr'><strong>tio</strong></span> <span class='ocrx_word' id='word_1_47' title='bbox 968 682 1008 725; x_wconf 78' lang='lat' dir='ltr'><strong>ast</strong></span> <span class='ocrx_word' id='word_1_48' title='bbox 1017 670 1241 739; x_wconf 62' lang='lat' dir='ltr'><strong>[deminutam</strong></span> <span class='ocrx_word' id='word_1_49' title='bbox 1252 669 1335 724; x_wconf 75' lang='lat' dir='ltr'><strong>sirmi</strong></span> <span class='ocrx_word' id='word_1_50' title='bbox 1342 670 1468 726; x_wconf 82' lang='lat' dir='ltr'><strong>etiamad</strong></span> <span class='ocrx_word' id='word_1_51' title='bbox 1476 671 1646 742; x_wconf 77' lang='lat' dir='ltr'><strong>Rhizuatem]</strong></span> <span class='ocrx_word' id='word_1_52' title='bbox 1654 690 1711 727; x_wconf 86' lang='lat' dir='ltr'><strong>ern·</strong></span> 
     </span>
     <span class='ocr_line' id='line_1_5' title="bbox 85 760 1039 839; baseline -0.007 -20"><span class='ocrx_word' id='word_1_53' title='bbox 85 760 134 819; x_wconf 73' lang='grc' dir='ltr'><strong>καὶ</strong></span> <span class='ocrx_word' id='word_1_54' title='bbox 150 760 180 819; x_wconf 82' lang='grc' dir='ltr'><strong>τὸ</strong></span> <span class='ocrx_word' id='word_1_55' title='bbox 197 760 334 839; x_wconf 75' lang='grc' dir='ltr'><strong>ἐμπόριον.</strong></span> <span class='ocrx_word' id='word_1_56' title='bbox 921 760 1039 831; x_wconf 87' lang='lat' dir='ltr'><strong>perium.</strong></span> 
     </span>
    </p>

    <p class='ocr_par' dir='ltr' id='par_1_3' title="bbox 85 844 1712 1016">
     <span class='ocr_line' id='line_1_6' title="bbox 128 844 1711 927; baseline -0.004 -17"><span class='ocrx_word' id='word_1_57' title='bbox 128 870 167 910; x_wconf 77' lang='lat' dir='ltr'><strong>aa.</strong></span> <span class='ocrx_word' id='word_1_58' title='bbox 186 852 352 910; x_wconf 80' lang='grc' dir='ltr'><strong>ΚΓΧΕΛΕΙΣ.</strong></span> <span class='ocrx_word' id='word_1_59' title='bbox 372 848 509 927; x_wconf 75' lang='grc' dir='ltr'><strong>Ἰλλυριῶν</strong></span> <span class='ocrx_word' id='word_1_60' title='bbox 523 844 593 912; x_wconf 74' lang='grc' dir='ltr'><strong>ἔθνος</strong></span> <span class='ocrx_word' id='word_1_61' title='bbox 607 844 673 905; x_wconf 76' lang='lat' dir='ltr'><strong>alala</strong></span> <span class='ocrx_word' id='word_1_62' title='bbox 685 848 710 905; x_wconf 85' lang='lat' dir='ltr'><strong>el</strong></span> <span class='ocrx_word' id='word_1_63' title='bbox 720 845 870 925; x_wconf 58' lang='lat' dir='ltr'><strong>’ily-pride,</strong></span> <span class='ocrx_word' id='word_1_64' title='bbox 958 847 1003 900; x_wconf 79' lang='lat' dir='ltr'><strong>ai.</strong></span> <span class='ocrx_word' id='word_1_65' title='bbox 1025 849 1174 900; x_wconf 71' lang='lat' dir='ltr'><strong>Eranam</strong></span> <span class='ocrx_word' id='word_1_66' title='bbox 1189 845 1339 917; x_wconf 85' lang='lat' dir='ltr'><strong>lllyriomm</strong></span> <span class='ocrx_word' id='word_1_67' title='bbox 1355 864 1418 916; x_wconf 71' lang='lat' dir='ltr'><strong>gens</strong></span> <span class='ocrx_word' id='word_1_68' title='bbox 1435 855 1497 901; x_wconf 89' lang='lat' dir='ltr'><strong>suut</strong></span> <span class='ocrx_word' id='word_1_69' title='bbox 1507 848 1649 915; x_wconf 76' lang='lat' dir='ltr'>Enchelei,</span> <span class='ocrx_word' id='word_1_70' title='bbox 1663 852 1711 921; x_wconf 90' lang='lat' dir='ltr'><strong>qui</strong></span> 
     </span>
     <span class='ocr_line' id='line_1_7' title="bbox 85 932 1712 1016; baseline -0.002 -23"><span class='ocrx_word' id='word_1_71' title='bbox 85 938 209 1016; x_wconf 58' lang='grc' dir='ltr'><strong>ἐρόμενον</strong></span> <span class='ocrx_word' id='word_1_72' title='bbox 230 942 276 995; x_wconf 78' lang='grc' dir='ltr'><strong>τοῦ</strong></span> <span class='ocrx_word' id='word_1_73' title='bbox 298 935 458 1004; x_wconf 75' lang='grc' dir='ltr'><strong>Ῥιζοῦντος.</strong></span> <span class='ocrx_word' id='word_1_74' title='bbox 500 933 552 995; x_wconf 76' lang='lat' dir='ltr'><strong>’Ex</strong></span> <span class='ocrx_word' id='word_1_75' title='bbox 567 933 682 1004; x_wconf 75' lang='grc' dir='ltr'><strong>Βονθόης</strong></span> <span class='ocrx_word' id='word_1_76' title='bbox 696 932 723 993; x_wconf 76' lang='lat' dir='ltr'><strong>bi</strong></span> <span class='ocrx_word' id='word_1_77' title='bbox 739 936 775 1001; x_wconf 76' lang='grc' dir='ltr'><strong>εἰς</strong></span> <span class='ocrx_word' id='word_1_78' title='bbox 795 934 872 995; x_wconf 78' lang='grc' dir='ltr'>Ἐπί·</span> <span class='ocrx_word' id='word_1_79' title='bbox 918 935 983 989; x_wconf 88' lang='lat' dir='ltr'><strong>inde</strong></span> <span class='ocrx_word' id='word_1_80' title='bbox 996 954 1012 988; x_wconf 89' lang='lat' dir='ltr'><strong>a</strong></span> <span class='ocrx_word' id='word_1_81' title='bbox 1026 936 1144 989; x_wconf 69' lang='lat' dir='ltr'><strong>thone</strong></span> <span class='ocrx_word' id='word_1_82' title='bbox 1160 934 1288 988; x_wconf 87' lang='lat' dir='ltr'><strong>habitant.</strong></span> <span class='ocrx_word' id='word_1_83' title='bbox 1326 937 1367 988; x_wconf 81' lang='lat' dir='ltr'><strong>Ex</strong></span> <span class='ocrx_word' id='word_1_84' title='bbox 1386 935 1491 989; x_wconf 89' lang='lat' dir='ltr'><strong>Buthoa</strong></span> <span class='ocrx_word' id='word_1_85' title='bbox 1502 948 1591 991; x_wconf 88' lang='lat' dir='ltr'><strong>autern</strong></span> <span class='ocrx_word' id='word_1_86' title='bbox 1605 938 1634 991; x_wconf 89' lang='lat' dir='ltr'><strong>iu</strong></span> <span class='ocrx_word' id='word_1_87' title='bbox 1647 940 1712 1010; x_wconf 87' lang='lat' dir='ltr'><strong>Epi·</strong></span> 
     </span>
    </p>
   </div>
   <div class='ocr_carea' id='block_1_3' title="bbox 48 1101 1781 5297">
    <p class='ocr_par' dir='ltr' id='par_1_4' title="bbox 48 1101 1781 3394">
     <span class='ocr_line' id='line_1_8' title="bbox 84 1101 1711 1177; baseline 0.002 -20"><span class='ocrx_word' id='word_1_88' title='bbox 84 1105 147 1159; x_wconf 87' lang='lat' dir='ltr'><strong>dem</strong></span> <span class='ocrx_word' id='word_1_89' title='bbox 160 1108 239 1177; x_wconf 83' lang='lat' dir='ltr'><strong>igitur</strong></span> <span class='ocrx_word' id='word_1_90' title='bbox 247 1106 361 1176; x_wconf 74' lang='lat' dir='ltr'>regionis</span> <span class='ocrx_word' id='word_1_91' title='bbox 370 1114 410 1157; x_wconf 88' lang='lat' dir='ltr'><strong>eat</strong></span> <span class='ocrx_word' id='word_1_92' title='bbox 420 1104 581 1175; x_wconf 81' lang='lat' dir='ltr'>emporium,</span> <span class='ocrx_word' id='word_1_93' title='bbox 590 1101 663 1173; x_wconf 90' lang='lat' dir='ltr'><strong>quod</strong></span> <span class='ocrx_word' id='word_1_94' title='bbox 672 1112 733 1173; x_wconf 87' lang='lat' dir='ltr'><strong>post</strong></span> <span class='ocrx_word' id='word_1_95' title='bbox 744 1103 875 1157; x_wconf 79' lang='lat' dir='ltr'><strong>liuthoam</strong></span> <span class='ocrx_word' id='word_1_96' title='bbox 919 1102 1029 1174; x_wconf 73' lang='lat' dir='ltr'><strong>juramus</strong></span> <span class='ocrx_word' id='word_1_97' title='bbox 1041 1106 1141 1158; x_wconf 85' lang='lat' dir='ltr'><strong>Banasa</strong></span> <span class='ocrx_word' id='word_1_98' title='bbox 1153 1104 1244 1169; x_wconf 78' lang='lat' dir='ltr'><strong>fluvio,</strong></span> <span class='ocrx_word' id='word_1_99' title='bbox 1259 1122 1338 1175; x_wconf 88' lang='lat' dir='ltr'><strong>quem</strong></span> <span class='ocrx_word' id='word_1_100' title='bbox 1353 1104 1425 1159; x_wconf 88' lang='lat' dir='ltr'><strong>haud</strong></span> <span class='ocrx_word' id='word_1_101' title='bbox 1440 1106 1519 1160; x_wconf 86' lang='lat' dir='ltr'><strong>semel</strong></span> <span class='ocrx_word' id='word_1_102' title='bbox 1538 1117 1637 1161; x_wconf 80' lang='lat' dir='ltr'><strong>veteres</strong></span> <span class='ocrx_word' id='word_1_103' title='bbox 1649 1126 1711 1161; x_wconf 89' lang='lat' dir='ltr'><strong>cum</strong></span> 
     </span>
     <span class='ocr_line' id='line_1_9' title="bbox 85 1181 1712 1255; baseline 0.001 -16"><span class='ocrx_word' id='word_1_104' title='bbox 85 1195 319 1249; x_wconf 72' lang='lat' dir='ltr'><strong>commemoratur,</strong></span> <span class='ocrx_word' id='word_1_105' title='bbox 331 1200 417 1255; x_wconf 88' lang='lat' dir='ltr'><strong>neque</strong></span> <span class='ocrx_word' id='word_1_106' title='bbox 426 1181 538 1237; x_wconf 88' lang='lat' dir='ltr'><strong>dubium</strong></span> <span class='ocrx_word' id='word_1_107' title='bbox 546 1192 595 1247; x_wconf 87' lang='lat' dir='ltr'><strong>est,</strong></span> <span class='ocrx_word' id='word_1_108' title='bbox 606 1183 671 1251; x_wconf 91' lang='lat' dir='ltr'><strong>quin</strong></span> <span class='ocrx_word' id='word_1_109' title='bbox 683 1181 735 1239; x_wconf 81' lang='lat' dir='ltr'><strong>hoc</strong></span> <span class='ocrx_word' id='word_1_110' title='bbox 743 1182 777 1235; x_wconf 90' lang='lat' dir='ltr'><strong>sit</strong></span> <span class='ocrx_word' id='word_1_111' title='bbox 785 1200 878 1253; x_wconf 88' lang='lat' dir='ltr'><strong>empo-</strong></span> <span class='ocrx_word' id='word_1_112' title='bbox 922 1183 981 1253; x_wconf 84' lang='lat' dir='ltr'><strong>ipso</strong></span> <span class='ocrx_word' id='word_1_113' title='bbox 993 1183 1103 1237; x_wconf 84' lang='lat' dir='ltr'><strong>Drilone</strong></span> <span class='ocrx_word' id='word_1_114' title='bbox 1121 1181 1246 1237; x_wconf 81' lang='lat' dir='ltr'><strong>ridentur</strong></span> <span class='ocrx_word' id='word_1_115' title='bbox 1259 1184 1409 1237; x_wconf 74' lang='lat' dir='ltr'><strong>confudisse</strong></span> <span class='ocrx_word' id='word_1_116' title='bbox 1430 1187 1487 1254; x_wconf 92' lang='lat' dir='ltr'><strong>(V.</strong></span> <span class='ocrx_word' id='word_1_117' title='bbox 1500 1185 1600 1241; x_wconf 80' lang='lat' dir='ltr'><strong>Plinius</strong></span> <span class='ocrx_word' id='word_1_118' title='bbox 1612 1190 1662 1253; x_wconf 88' lang='lat'><strong>111,</strong></span> <span class='ocrx_word' id='word_1_119' title='bbox 1677 1188 1712 1241; x_wconf 82' lang='grc'><strong>56</strong></span> 
     </span>
     <span class='ocr_line' id='line_1_10' title="bbox 85 1261 1710 1336; baseline 0.001 -17"><span class='ocrx_word' id='word_1_120' title='bbox 85 1269 156 1321; x_wconf 88' lang='lat' dir='ltr'><strong>rium</strong></span> <span class='ocrx_word' id='word_1_121' title='bbox 179 1265 290 1329; x_wconf 74' lang='lat' dir='ltr'><strong>Rhizon,</strong></span> <span class='ocrx_word' id='word_1_122' title='bbox 305 1266 385 1319; x_wconf 89' lang='lat' dir='ltr'><strong>situm</strong></span> <span class='ocrx_word' id='word_1_123' title='bbox 399 1262 434 1316; x_wconf 92' lang='lat' dir='ltr'><strong>ad</strong></span> <span class='ocrx_word' id='word_1_124' title='bbox 450 1278 555 1315; x_wconf 89' lang='lat' dir='ltr'><strong>amnem</strong></span> <span class='ocrx_word' id='word_1_125' title='bbox 567 1261 724 1315; x_wconf 88' lang='lat' dir='ltr'><strong>Rhizuntem</strong></span> <span class='ocrx_word' id='word_1_126' title='bbox 739 1262 767 1315; x_wconf 90' lang='lat' dir='ltr'><strong>in</strong></span> <span class='ocrx_word' id='word_1_127' title='bbox 782 1262 877 1315; x_wconf 89' lang='lat' dir='ltr'><strong>intimo</strong></span> <span class='ocrx_word' id='word_1_128' title='bbox 922 1271 950 1313; x_wconf 88' lang='lat' dir='ltr'><strong>ct</strong></span> <span class='ocrx_word' id='word_1_129' title='bbox 969 1262 1060 1314; x_wconf 79' lang='lat' dir='ltr'><strong>livius</strong></span> <span class='ocrx_word' id='word_1_130' title='bbox 1079 1263 1179 1327; x_wconf 80' lang='lat' dir='ltr'><strong>XLIV,</strong></span> <span class='ocrx_word' id='word_1_131' title='bbox 1201 1264 1245 1329; x_wconf 79' lang='lat'><strong>31,</strong></span> <span class='ocrx_word' id='word_1_132' title='bbox 1260 1262 1307 1316; x_wconf 92' lang='lat' dir='ltr'><strong>ubi</strong></span> <span class='ocrx_word' id='word_1_133' title='bbox 1327 1280 1377 1334; x_wconf 89' lang='lat' dir='ltr'><strong>pro</strong></span> <span class='ocrx_word' id='word_1_134' title='bbox 1399 1263 1513 1317; x_wconf 79' lang='lat' dir='ltr'><strong>Orirmdi</strong></span> <span class='ocrx_word' id='word_1_135' title='bbox 1524 1265 1635 1335; x_wconf 78' lang='lat' dir='ltr'><strong>sturnini</strong></span> <span class='ocrx_word' id='word_1_136' title='bbox 1658 1267 1710 1336; x_wconf 72' lang='lat' dir='ltr'><strong>leg.</strong></span> 
     </span>
     <span class='ocr_line' id='line_1_11' title="bbox 85 1339 1711 1415; baseline 0.001 -16"><span class='ocrx_word' id='word_1_137' title='bbox 85 1348 156 1411; x_wconf 87' lang='lat' dir='ltr'><strong>sinu,</strong></span> <span class='ocrx_word' id='word_1_138' title='bbox 169 1346 212 1399; x_wconf 88' lang='lat' dir='ltr'><strong>cui</strong></span> <span class='ocrx_word' id='word_1_139' title='bbox 222 1343 356 1415; x_wconf 81' lang='lat' dir='ltr'><strong>adjacebat</strong></span> <span class='ocrx_word' id='word_1_140' title='bbox 367 1343 480 1397; x_wconf 85' lang='lat' dir='ltr'><strong>llutboa.</strong></span> <span class='ocrx_word' id='word_1_141' title='bbox 495 1341 565 1395; x_wconf 87' lang='lat' dir='ltr'><strong>Solet</strong></span> <span class='ocrx_word' id='word_1_142' title='bbox 578 1358 640 1394; x_wconf 82' lang='lat' dir='ltr'><strong>vero</strong></span> <span class='ocrx_word' id='word_1_143' title='bbox 651 1339 742 1413; x_wconf 77' lang='lat' dir='ltr'>Scylax</span> <span class='ocrx_word' id='word_1_144' title='bbox 755 1342 877 1393; x_wconf 88' lang='lat' dir='ltr'><strong>omittere</strong></span> <span class='ocrx_word' id='word_1_145' title='bbox 921 1339 977 1393; x_wconf 77' lang='lat' dir='ltr'><strong>vid.</strong></span> <span class='ocrx_word' id='word_1_146' title='bbox 993 1340 1100 1395; x_wconf 84' lang='lat' dir='ltr'><strong>Driloni</strong></span> <span class='ocrx_word' id='word_1_147' title='bbox 1112 1343 1147 1410; x_wconf 83' lang='lat' dir='ltr'><strong>fl.</strong></span> <span class='ocrx_word' id='word_1_148' title='bbox 1162 1344 1183 1411; x_wconf 93' lang='lat'><strong>).</strong></span> <span class='ocrx_word' id='word_1_149' title='bbox 1197 1343 1341 1411; x_wconf 78' lang='lat' dir='ltr'><strong>Regionem</strong></span> <span class='ocrx_word' id='word_1_150' title='bbox 1354 1351 1400 1395; x_wconf 87' lang='lat' dir='ltr'><strong>aut</strong></span> <span class='ocrx_word' id='word_1_151' title='bbox 1416 1342 1520 1397; x_wconf 90' lang='lat' dir='ltr'><strong>Driloni</strong></span> <span class='ocrx_word' id='word_1_152' title='bbox 1533 1355 1579 1398; x_wconf 92' lang='lat' dir='ltr'><strong>aut</strong></span> <span class='ocrx_word' id='word_1_153' title='bbox 1599 1345 1711 1400; x_wconf 83' lang='lat' dir='ltr'>Rhizoni</span> 
     </span>
     <span class='ocr_line' id='line_1_12' title="bbox 83 1417 1713 1497; baseline 0.001 -18"><span class='ocrx_word' id='word_1_154' title='bbox 83 1417 265 1497; x_wconf 78' lang='lat' dir='ltr'><strong>emperiorum</strong></span> <span class='ocrx_word' id='word_1_155' title='bbox 277 1424 384 1477; x_wconf 87' lang='lat' dir='ltr'><strong>nomina</strong></span> <span class='ocrx_word' id='word_1_156' title='bbox 399 1421 500 1495; x_wconf 77' lang='lat' dir='ltr'><strong>(suet</strong></span> <span class='ocrx_word' id='word_1_157' title='bbox 511 1420 576 1493; x_wconf 68' lang='lat' dir='ltr'><strong>ab).</strong></span> <span class='ocrx_word' id='word_1_158' title='bbox 590 1424 703 1476; x_wconf 82' lang='lat' dir='ltr'><strong>Amnem</strong></span> <span class='ocrx_word' id='word_1_159' title='bbox 713 1430 739 1473; x_wconf 90' lang='lat' dir='ltr'><strong>et</strong></span> <span class='ocrx_word' id='word_1_160' title='bbox 747 1418 876 1490; x_wconf 90' lang='lat' dir='ltr'><strong>oppidum</strong></span> <span class='ocrx_word' id='word_1_161' title='bbox 921 1420 1070 1489; x_wconf 81' lang='lat' dir='ltr'><strong>proximam</strong></span> <span class='ocrx_word' id='word_1_162' title='bbox 1085 1418 1203 1473; x_wconf 86' lang='lat' dir='ltr'><strong>indicare</strong></span> <span class='ocrx_word' id='word_1_163' title='bbox 1226 1420 1331 1473; x_wconf 78' lang='lat' dir='ltr'><strong>videtur</strong></span> <span class='ocrx_word' id='word_1_164' title='bbox 1343 1420 1504 1493; x_wconf 82' lang='lat' dir='ltr'><strong>Phylarchus</strong></span> <span class='ocrx_word' id='word_1_165' title='bbox 1529 1422 1582 1495; x_wconf 79' lang='lat' dir='ltr'><strong>(ir.</strong></span> <span class='ocrx_word' id='word_1_166' title='bbox 1601 1425 1654 1497; x_wconf 75' lang='lat'><strong>40)</strong></span> <span class='ocrx_word' id='word_1_167' title='bbox 1672 1445 1713 1479; x_wconf 83' lang='lat' dir='ltr'><strong>ee·</strong></span> 
     </span>
     <span class='ocr_line' id='line_1_13' title="bbox 84 1496 1714 1576; baseline 0 -19"><span class='ocrx_word' id='word_1_168' title='bbox 84 1523 168 1576; x_wconf 87' lang='lat' dir='ltr'><strong>prope</strong></span> <span class='ocrx_word' id='word_1_169' title='bbox 179 1504 308 1557; x_wconf 87' lang='lat' dir='ltr'><strong>Buthoam</strong></span> <span class='ocrx_word' id='word_1_170' title='bbox 319 1512 448 1555; x_wconf 87' lang='lat' dir='ltr'><strong>memorat</strong></span> <span class='ocrx_word' id='word_1_171' title='bbox 454 1500 611 1571; x_wconf 86' lang='lat' dir='ltr'><strong>Stephanus.</strong></span> <span class='ocrx_word' id='word_1_172' title='bbox 623 1496 705 1566; x_wconf 91' lang='lat' dir='ltr'><strong>Quod</strong></span> <span class='ocrx_word' id='word_1_173' title='bbox 714 1516 762 1569; x_wconf 90' lang='lat' dir='ltr'><strong>per</strong></span> <span class='ocrx_word' id='word_1_174' title='bbox 770 1514 875 1551; x_wconf 88' lang='lat' dir='ltr'><strong>amnem</strong></span> <span class='ocrx_word' id='word_1_175' title='bbox 921 1498 1044 1569; x_wconf 86' lang='lat' dir='ltr'><strong>pulcrum</strong></span> <span class='ocrx_word' id='word_1_176' title='bbox 1054 1498 1146 1553; x_wconf 86' lang='lat' dir='ltr'><strong>Cadmi</strong></span> <span class='ocrx_word' id='word_1_177' title='bbox 1161 1518 1216 1553; x_wconf 83' lang='lat' dir='ltr'><strong>erse</strong></span> <span class='ocrx_word' id='word_1_178' title='bbox 1223 1498 1314 1553; x_wconf 87' lang='lat' dir='ltr'><strong>dicens</strong></span> <span class='ocrx_word' id='word_1_179' title='bbox 1324 1501 1352 1553; x_wconf 89' lang='lat' dir='ltr'><strong>in</strong></span> <span class='ocrx_word' id='word_1_180' title='bbox 1363 1500 1421 1553; x_wconf 91' lang='lat' dir='ltr'><strong>loco</strong></span> <span class='ocrx_word' id='word_1_181' title='bbox 1432 1501 1546 1572; x_wconf 85' lang='lat' dir='ltr'><strong>Illyrico,</strong></span> <span class='ocrx_word' id='word_1_182' title='bbox 1561 1504 1604 1556; x_wconf 88' lang='lat' dir='ltr'><strong>cui</strong></span> <span class='ocrx_word' id='word_1_183' title='bbox 1612 1503 1714 1567; x_wconf 77' lang='grc' dir='ltr'><strong>Κύλικες</strong></span> 
     </span>
     <span class='ocr_line' id='line_1_14' title="bbox 85 1576 1712 1652; baseline 0.001 -15"><span class='ocrx_word' id='word_1_184' title='bbox 85 1582 281 1638; x_wconf 87' lang='lat' dir='ltr'><strong>Encheleoruru</strong></span> <span class='ocrx_word' id='word_1_185' title='bbox 294 1583 376 1651; x_wconf 77' lang='lat' dir='ltr'><strong>regio,</strong></span> <span class='ocrx_word' id='word_1_186' title='bbox 391 1596 440 1651; x_wconf 90' lang='lat' dir='ltr'><strong>per</strong></span> <span class='ocrx_word' id='word_1_187' title='bbox 452 1576 584 1632; x_wconf 87' lang='lat' dir='ltr'><strong>Butboam</strong></span> <span class='ocrx_word' id='word_1_188' title='bbox 595 1577 725 1629; x_wconf 87' lang='lat' dir='ltr'><strong>terminus</strong></span> <span class='ocrx_word' id='word_1_189' title='bbox 734 1576 878 1645; x_wconf 76' lang='lat' dir='ltr'><strong>navigatio·</strong></span> <span class='ocrx_word' id='word_1_190' title='bbox 921 1594 1030 1631; x_wconf 88' lang='lat' dir='ltr'><strong>nomen.</strong></span> <span class='ocrx_word' id='word_1_191' title='bbox 1043 1579 1102 1633; x_wconf 84' lang='lat' dir='ltr'><strong>lam</strong></span> <span class='ocrx_word' id='word_1_192' title='bbox 1109 1590 1140 1632; x_wconf 89' lang='lat' dir='ltr'><strong>ut</strong></span> <span class='ocrx_word' id='word_1_193' title='bbox 1150 1579 1184 1633; x_wconf 90' lang='lat' dir='ltr'><strong>ad</strong></span> <span class='ocrx_word' id='word_1_194' title='bbox 1196 1579 1327 1650; x_wconf 88' lang='lat' dir='ltr'><strong>Scylacem</strong></span> <span class='ocrx_word' id='word_1_195' title='bbox 1337 1590 1462 1645; x_wconf 78' lang='lat' dir='ltr'><strong>revertar,</strong></span> <span class='ocrx_word' id='word_1_196' title='bbox 1471 1583 1591 1652; x_wconf 81' lang='lat' dir='ltr'><strong>proxime</strong></span> <span class='ocrx_word' id='word_1_197' title='bbox 1601 1581 1636 1636; x_wconf 90' lang='lat' dir='ltr'><strong>ad</strong></span> <span class='ocrx_word' id='word_1_198' title='bbox 1649 1602 1712 1639; x_wconf 89' lang='lat' dir='ltr'><strong>eum</strong></span> 
     </span>
     <span class='ocr_line' id='line_1_15' title="bbox 83 1654 1713 1735; baseline 0 -18"><span class='ocrx_word' id='word_1_199' title='bbox 83 1665 127 1717; x_wconf 87' lang='lat' dir='ltr'><strong>nis</strong></span> <span class='ocrx_word' id='word_1_200' title='bbox 138 1662 290 1732; x_wconf 76' lang='lat' dir='ltr'><strong>designatur</strong></span> <span class='ocrx_word' id='word_1_201' title='bbox 304 1660 313 1732; x_wconf 90' lang='lat'>(</span> <span class='ocrx_word' id='word_1_202' title='bbox 325 1664 340 1731; x_wconf 79' lang='grc' dir='ltr'><strong>ς</strong></span> <span class='ocrx_word' id='word_1_203' title='bbox 351 1660 385 1713; x_wconf 83' lang='lat' dir='ltr'><strong>ai</strong></span> <span class='ocrx_word' id='word_1_204' title='bbox 396 1658 418 1731; x_wconf 86' lang='lat'><strong>),</strong></span> <span class='ocrx_word' id='word_1_205' title='bbox 428 1658 531 1711; x_wconf 69' lang='lat' dir='ltr'><strong>heum</strong></span> <span class='ocrx_word' id='word_1_206' title='bbox 540 1655 629 1719; x_wconf 86' lang='lat' dir='ltr'><strong>babet,</strong></span> <span class='ocrx_word' id='word_1_207' title='bbox 637 1656 763 1727; x_wconf 89' lang='lat' dir='ltr'><strong>quoniam</strong></span> <span class='ocrx_word' id='word_1_208' title='bbox 773 1654 877 1708; x_wconf 84' lang='lat' dir='ltr'><strong>Euche-</strong></span> <span class='ocrx_word' id='word_1_209' title='bbox 921 1657 1045 1725; x_wconf 83' lang='lat' dir='ltr'><strong>pertinet,</strong></span> <span class='ocrx_word' id='word_1_210' title='bbox 1058 1657 1132 1727; x_wconf 91' lang='lat' dir='ltr'><strong>quod</strong></span> <span class='ocrx_word' id='word_1_211' title='bbox 1144 1658 1244 1712; x_wconf 76' lang='lat' dir='ltr'><strong>Rhizon</strong></span> <span class='ocrx_word' id='word_1_212' title='bbox 1251 1658 1343 1711; x_wconf 76' lang='lat' dir='ltr'><strong>Cadmi</strong></span> <span class='ocrx_word' id='word_1_213' title='bbox 1348 1658 1427 1731; x_wconf 79' lang='lat' dir='ltr'><strong>filias</strong></span> <span class='ocrx_word' id='word_1_214' title='bbox 1439 1658 1517 1713; x_wconf 82' lang='lat' dir='ltr'><strong>luisse</strong></span> <span class='ocrx_word' id='word_1_215' title='bbox 1528 1659 1626 1715; x_wconf 88' lang='lat' dir='ltr'><strong>dicitur</strong></span> <span class='ocrx_word' id='word_1_216' title='bbox 1640 1662 1713 1735; x_wconf 91' lang='lat' dir='ltr'><strong>apud</strong></span> 
     </span>
     <span class='ocr_line' id='line_1_16' title="bbox 83 1732 1710 1811; baseline -0.003 -15"><span class='ocrx_word' id='word_1_217' title='bbox 83 1742 188 1796; x_wconf 75' lang='lat' dir='ltr'><strong>leonum</strong></span> <span class='ocrx_word' id='word_1_218' title='bbox 208 1739 283 1795; x_wconf 83' lang='lat' dir='ltr'><strong>sedes</strong></span> <span class='ocrx_word' id='word_1_219' title='bbox 305 1742 333 1793; x_wconf 91' lang='lat' dir='ltr'><strong>iu</strong></span> <span class='ocrx_word' id='word_1_220' title='bbox 351 1736 438 1793; x_wconf 81' lang='lat' dir='ltr'><strong>media</strong></span> <span class='ocrx_word' id='word_1_221' title='bbox 458 1747 538 1799; x_wconf 87' lang='lat' dir='ltr'><strong>terra,</strong></span> <span class='ocrx_word' id='word_1_222' title='bbox 557 1734 662 1789; x_wconf 87' lang='lat' dir='ltr'><strong>Buthoa</strong></span> <span class='ocrx_word' id='word_1_223' title='bbox 681 1732 716 1787; x_wconf 87' lang='lat' dir='ltr'><strong>ad</strong></span> <span class='ocrx_word' id='word_1_224' title='bbox 738 1750 811 1787; x_wconf 83' lang='lat' dir='ltr'><strong>mara</strong></span> <span class='ocrx_word' id='word_1_225' title='bbox 828 1736 878 1788; x_wconf 91' lang='lat' dir='ltr'><strong>sita</strong></span> <span class='ocrx_word' id='word_1_226' title='bbox 921 1734 1130 1789; x_wconf 76' lang='lat' dir='ltr'><strong>Chueroboscum</strong></span> <span class='ocrx_word' id='word_1_227' title='bbox 1150 1738 1179 1789; x_wconf 91' lang='lat' dir='ltr'><strong>in</strong></span> <span class='ocrx_word' id='word_1_228' title='bbox 1198 1736 1333 1791; x_wconf 86' lang='lat' dir='ltr'><strong>Theodos.</strong></span> <span class='ocrx_word' id='word_1_229' title='bbox 1353 1755 1382 1809; x_wconf 94' lang='lat' dir='ltr'><strong>p.</strong></span> <span class='ocrx_word' id='word_1_230' title='bbox 1403 1742 1447 1808; x_wconf 87' lang='lat'><strong>76,</strong></span> <span class='ocrx_word' id='word_1_231' title='bbox 1462 1743 1497 1802; x_wconf 70' lang='lat' dir='ltr'><strong>al,</strong></span> <span class='ocrx_word' id='word_1_232' title='bbox 1515 1740 1710 1811; x_wconf 74' lang='lat' dir='ltr'><strong>et&#39;lheoqnost.</strong></span> 
     </span>
     <span class='ocr_line' id='line_1_17' title="bbox 84 1813 1715 1891; baseline 0.001 -18"><span class='ocrx_word' id='word_1_233' title='bbox 84 1822 174 1875; x_wconf 86' lang='lat' dir='ltr'><strong>luerit.</strong></span> <span class='ocrx_word' id='word_1_234' title='bbox 193 1846 205 1869; x_wconf 78' lang='grc' dir='ltr'><strong>ι</strong></span> <span class='ocrx_word' id='word_1_235' title='bbox 217 1821 280 1875; x_wconf 74' lang='lat' dir='ltr'><strong>liac-</strong></span> <span class='ocrx_word' id='word_1_236' title='bbox 289 1820 469 1881; x_wconf 68' lang='lat' dir='ltr'><strong>mumma,</strong></span> <span class='ocrx_word' id='word_1_237' title='bbox 479 1813 551 1869; x_wconf 91' lang='lat' dir='ltr'><strong>haud</strong></span> <span class='ocrx_word' id='word_1_238' title='bbox 564 1813 683 1868; x_wconf 79' lang='lat' dir='ltr'><strong>feliciter.</strong></span> <span class='ocrx_word' id='word_1_239' title='bbox 696 1814 766 1866; x_wconf 83' lang='lat' dir='ltr'><strong>llam</strong></span> <span class='ocrx_word' id='word_1_240' title='bbox 777 1814 876 1867; x_wconf 82' lang='lat' dir='ltr'><strong>mirum</strong></span> <span class='ocrx_word' id='word_1_241' title='bbox 921 1813 987 1866; x_wconf 90' lang='lat' dir='ltr'><strong>Can.</strong></span> <span class='ocrx_word' id='word_1_242' title='bbox 997 1831 1026 1886; x_wconf 93' lang='lat' dir='ltr'><strong>p.</strong></span> <span class='ocrx_word' id='word_1_243' title='bbox 1044 1815 1088 1880; x_wconf 77' lang='lat'><strong>33,</strong></span> <span class='ocrx_word' id='word_1_244' title='bbox 1104 1832 1146 1881; x_wconf 87' lang='lat' dir='ltr'><strong>rr,</strong></span> <span class='ocrx_word' id='word_1_245' title='bbox 1157 1817 1233 1869; x_wconf 90' lang='lat' dir='ltr'><strong>sicuti</strong></span> <span class='ocrx_word' id='word_1_246' title='bbox 1247 1816 1366 1887; x_wconf 78' lang='lat' dir='ltr'><strong>Illyrium</strong></span> <span class='ocrx_word' id='word_1_247' title='bbox 1372 1816 1466 1870; x_wconf 85' lang='lat' dir='ltr'><strong>Cadmi</strong></span> <span class='ocrx_word' id='word_1_248' title='bbox 1478 1817 1562 1871; x_wconf 89' lang='lat' dir='ltr'><strong>lilium</strong></span> <span class='ocrx_word' id='word_1_249' title='bbox 1571 1831 1715 1891; x_wconf 86' lang='lat' dir='ltr'><strong>aserpente</strong></span> 
     </span>
     <span class='ocr_line' id='line_1_18' title="bbox 83 1890 1711 1971; baseline -0.001 -18"><span class='ocrx_word' id='word_1_250' title='bbox 83 1908 265 1954; x_wconf 88' lang='lat' dir='ltr'><strong>commentum</strong></span> <span class='ocrx_word' id='word_1_251' title='bbox 279 1907 318 1950; x_wconf 77' lang='lat' dir='ltr'><strong>ast</strong></span> <span class='ocrx_word' id='word_1_252' title='bbox 331 1896 523 1964; x_wconf 77' lang='lat' dir='ltr'><strong>navigationem</strong></span> <span class='ocrx_word' id='word_1_253' title='bbox 537 1893 572 1947; x_wconf 87' lang='lat' dir='ltr'><strong>ab</strong></span> <span class='ocrx_word' id='word_1_254' title='bbox 592 1892 692 1946; x_wconf 81' lang='lat' dir='ltr'><strong>Arione</strong></span> <span class='ocrx_word' id='word_1_255' title='bbox 706 1890 740 1945; x_wconf 88' lang='lat' dir='ltr'><strong>ad</strong></span> <span class='ocrx_word' id='word_1_256' title='bbox 759 1892 877 1945; x_wconf 86' lang='lat' dir='ltr'><strong>llblzun·</strong></span> <span class='ocrx_word' id='word_1_257' title='bbox 921 1894 1054 1947; x_wconf 89' lang='lat' dir='ltr'><strong>nutritum</strong></span> <span class='ocrx_word' id='word_1_258' title='bbox 1071 1894 1153 1947; x_wconf 78' lang='lat' dir='ltr'><strong>habas</strong></span> <span class='ocrx_word' id='word_1_259' title='bbox 1162 1912 1205 1965; x_wconf 92' lang='lat' dir='ltr'><strong>ap.</strong></span> <span class='ocrx_word' id='word_1_260' title='bbox 1217 1895 1308 1966; x_wconf 84' lang='lat' dir='ltr'><strong>Steph.</strong></span> <span class='ocrx_word' id='word_1_261' title='bbox 1321 1897 1352 1948; x_wconf 88' lang='lat' dir='ltr'><strong>B.</strong></span> <span class='ocrx_word' id='word_1_262' title='bbox 1368 1913 1394 1948; x_wconf 88' lang='lat' dir='ltr'><strong>r.</strong></span> <span class='ocrx_word' id='word_1_263' title='bbox 1411 1894 1711 1971; x_wconf 77' lang='grc' dir='ltr'><strong>ἸλλυρῑαοιΙυιοι-μοιιῑ.</strong></span> 
     </span>
     <span class='ocr_line' id='line_1_19' title="bbox 83 1968 1714 2045; baseline 0.001 -13"><span class='ocrx_word' id='word_1_264' title='bbox 83 1990 138 2032; x_wconf 89' lang='lat' dir='ltr'><strong>tem</strong></span> <span class='ocrx_word' id='word_1_265' title='bbox 149 1979 176 2031; x_wconf 90' lang='lat' dir='ltr'><strong>ss.</strong></span> <span class='ocrx_word' id='word_1_266' title='bbox 189 1976 301 2030; x_wconf 77' lang='lat' dir='ltr'><strong>somello</strong></span> <span class='ocrx_word' id='word_1_267' title='bbox 312 1972 549 2045; x_wconf 68' lang='lat' dir='ltr'><strong>peregrinatorum,</strong></span> <span class='ocrx_word' id='word_1_268' title='bbox 559 1968 758 2023; x_wconf 86' lang='lat' dir='ltr'><strong>deindeiterum</strong></span> <span class='ocrx_word' id='word_1_269' title='bbox 772 1971 799 2023; x_wconf 91' lang='lat' dir='ltr'><strong>in</strong></span> <span class='ocrx_word' id='word_1_270' title='bbox 808 1988 878 2024; x_wconf 89' lang='lat' dir='ltr'><strong>mer·</strong></span> <span class='ocrx_word' id='word_1_271' title='bbox 921 1972 1043 2028; x_wconf 83' lang='lat' dir='ltr'><strong>Vatican.</strong></span> <span class='ocrx_word' id='word_1_272' title='bbox 1053 1974 1148 2044; x_wconf 78' lang='lat' dir='ltr'><strong>virgil.</strong></span> <span class='ocrx_word' id='word_1_273' title='bbox 1160 1974 1220 2027; x_wconf 84' lang='lat' dir='ltr'><strong>AEn.</strong></span> <span class='ocrx_word' id='word_1_274' title='bbox 1232 1976 1257 2039; x_wconf 94' lang='lat' dir='ltr'><strong>I,</strong></span> <span class='ocrx_word' id='word_1_275' title='bbox 1272 1976 1334 2039; x_wconf 76' lang='lat'><strong>243,</strong></span> <span class='ocrx_word' id='word_1_276' title='bbox 1350 1992 1378 2045; x_wconf 90' lang='lat' dir='ltr'><strong>p.</strong></span> <span class='ocrx_word' id='word_1_277' title='bbox 1394 1975 1455 2028; x_wconf 81' lang='lat'><strong>311.</strong></span> <span class='ocrx_word' id='word_1_278' title='bbox 1472 1976 1574 2029; x_wconf 84' lang='lat' dir='ltr'><strong>Rhinon</strong></span> <span class='ocrx_word' id='word_1_279' title='bbox 1588 1976 1631 2030; x_wconf 90' lang='lat' dir='ltr'><strong>illc</strong></span> <span class='ocrx_word' id='word_1_280' title='bbox 1642 1978 1714 2035; x_wconf 90' lang='lat' dir='ltr'><strong>haud</strong></span> 
     </span>
     <span class='ocr_line' id='line_1_20' title="bbox 84 2038 1717 2127; baseline -0.001 -17"><span class='ocrx_word' id='word_1_281' title='bbox 84 2068 205 2110; x_wconf 86' lang='lat' dir='ltr'><strong>catorum</strong></span> <span class='ocrx_word' id='word_1_282' title='bbox 216 2072 295 2108; x_wconf 81' lang='lat' dir='ltr'><strong>auum</strong></span> <span class='ocrx_word' id='word_1_283' title='bbox 306 2069 454 2123; x_wconf 85' lang='lat' dir='ltr'><strong>expressam</strong></span> <span class='ocrx_word' id='word_1_284' title='bbox 466 2067 538 2115; x_wconf 78' lang='lat' dir='ltr'><strong>ease3</strong></span> <span class='ocrx_word' id='word_1_285' title='bbox 552 2047 633 2118; x_wconf 74' lang='lat' dir='ltr'><strong>magis</strong></span> <span class='ocrx_word' id='word_1_286' title='bbox 643 2048 749 2101; x_wconf 87' lang='lat' dir='ltr'><strong>miraris</strong></span> <span class='ocrx_word' id='word_1_287' title='bbox 761 2038 877 2102; x_wconf 75' lang='lat' dir='ltr'><strong>libizun·</strong></span> <span class='ocrx_word' id='word_1_288' title='bbox 921 2047 1004 2105; x_wconf 89' lang='lat' dir='ltr'><strong>dubie</strong></span> <span class='ocrx_word' id='word_1_289' title='bbox 1015 2052 1147 2105; x_wconf 84' lang='lat' dir='ltr'><strong>ferebatur</strong></span> <span class='ocrx_word' id='word_1_290' title='bbox 1159 2051 1282 2105; x_wconf 89' lang='lat' dir='ltr'><strong>conditor</strong></span> <span class='ocrx_word' id='word_1_291' title='bbox 1290 2054 1401 2124; x_wconf 88' lang='lat' dir='ltr'><strong>emporii</strong></span> <span class='ocrx_word' id='word_1_292' title='bbox 1415 2056 1580 2122; x_wconf 79' lang='lat' dir='ltr'><strong>cognominis</strong></span> <span class='ocrx_word' id='word_1_293' title='bbox 1594 2055 1603 2127; x_wconf 96' lang='lat'>(</span> <span class='ocrx_word' id='word_1_294' title='bbox 1620 2054 1717 2123; x_wconf 75' lang='grc' dir='ltr'><strong>Ῥιζοΰς</strong></span> 
     </span>
     <span class='ocr_line' id='line_1_21' title="bbox 84 2127 1714 2204; baseline 0.001 -16"><span class='ocrx_word' id='word_1_295' title='bbox 84 2146 138 2187; x_wconf 88' lang='lat' dir='ltr'><strong>tern</strong></span> <span class='ocrx_word' id='word_1_296' title='bbox 152 2135 228 2197; x_wconf 64' lang='lat' dir='ltr'><strong>llum,</strong></span> <span class='ocrx_word' id='word_1_297' title='bbox 243 2149 327 2203; x_wconf 89' lang='lat' dir='ltr'><strong>quum</strong></span> <span class='ocrx_word' id='word_1_298' title='bbox 340 2128 420 2183; x_wconf 89' lang='lat' dir='ltr'><strong>cardo</strong></span> <span class='ocrx_word' id='word_1_299' title='bbox 438 2130 473 2182; x_wconf 87' lang='lat' dir='ltr'><strong>sit</strong></span> <span class='ocrx_word' id='word_1_300' title='bbox 487 2129 585 2182; x_wconf 82' lang='lat' dir='ltr'><strong>honam</strong></span> <span class='ocrx_word' id='word_1_301' title='bbox 599 2127 729 2192; x_wconf 88' lang='lat' dir='ltr'><strong>locorum,</strong></span> <span class='ocrx_word' id='word_1_302' title='bbox 742 2144 777 2179; x_wconf 90' lang='lat' dir='ltr'><strong>ne</strong></span> <span class='ocrx_word' id='word_1_303' title='bbox 790 2128 877 2180; x_wconf 91' lang='lat' dir='ltr'><strong>nomi·</strong></span> <span class='ocrx_word' id='word_1_304' title='bbox 922 2130 963 2184; x_wconf 84' lang='lat' dir='ltr'><strong>rel</strong></span> <span class='ocrx_word' id='word_1_305' title='bbox 979 2130 1067 2193; x_wconf 72' lang='grc' dir='ltr'><strong>Ῥιῖων</strong></span> <span class='ocrx_word' id='word_1_306' title='bbox 1081 2141 1143 2185; x_wconf 83' lang='grc' dir='ltr'><strong>οοιι.</strong></span> <span class='ocrx_word' id='word_1_307' title='bbox 1155 2131 1177 2204; x_wconf 91' lang='grc'><strong>),</strong></span> <span class='ocrx_word' id='word_1_308' title='bbox 1193 2130 1267 2202; x_wconf 91' lang='lat' dir='ltr'><strong>quod</strong></span> <span class='ocrx_word' id='word_1_309' title='bbox 1278 2132 1306 2184; x_wconf 91' lang='lat' dir='ltr'><strong>in</strong></span> <span class='ocrx_word' id='word_1_310' title='bbox 1318 2131 1420 2185; x_wconf 86' lang='lat' dir='ltr'><strong>ditione</strong></span> <span class='ocrx_word' id='word_1_311' title='bbox 1432 2133 1620 2187; x_wconf 80' lang='lat' dir='ltr'><strong>Buthoaeorum</strong></span> <span class='ocrx_word' id='word_1_312' title='bbox 1634 2134 1714 2191; x_wconf 84' lang='lat' dir='ltr'><strong>luisse</strong></span> 
     </span>
     <span class='ocr_line' id='line_1_22' title="bbox 83 2204 1715 2287; baseline 0.001 -20"><span class='ocrx_word' id='word_1_313' title='bbox 83 2215 142 2267; x_wconf 89' lang='lat' dir='ltr'><strong>nari</strong></span> <span class='ocrx_word' id='word_1_314' title='bbox 154 2212 273 2285; x_wconf 89' lang='lat' dir='ltr'><strong>quidem,</strong></span> <span class='ocrx_word' id='word_1_315' title='bbox 286 2210 353 2265; x_wconf 84' lang='lat' dir='ltr'><strong>adeo</strong></span> <span class='ocrx_word' id='word_1_316' title='bbox 362 2220 393 2263; x_wconf 89' lang='lat' dir='ltr'><strong>ut</strong></span> <span class='ocrx_word' id='word_1_317' title='bbox 407 2226 440 2263; x_wconf 83' lang='lat' dir='ltr'><strong>ex</strong></span> <span class='ocrx_word' id='word_1_318' title='bbox 452 2212 467 2277; x_wconf 75' lang='grc' dir='ltr'><strong>ς</strong></span> <span class='ocrx_word' id='word_1_319' title='bbox 478 2209 511 2262; x_wconf 79' lang='lat'><strong>25</strong></span> <span class='ocrx_word' id='word_1_320' title='bbox 522 2208 632 2267; x_wconf 85' lang='lat' dir='ltr'><strong>demum</strong></span> <span class='ocrx_word' id='word_1_321' title='bbox 642 2204 793 2278; x_wconf 85' lang='lat' dir='ltr'><strong>conjectura</strong></span> <span class='ocrx_word' id='word_1_322' title='bbox 805 2207 877 2260; x_wconf 90' lang='lat' dir='ltr'><strong>eolli-</strong></span> <span class='ocrx_word' id='word_1_323' title='bbox 921 2219 1033 2264; x_wconf 80' lang='lat' dir='ltr'><strong>testatur</strong></span> <span class='ocrx_word' id='word_1_324' title='bbox 1046 2211 1193 2282; x_wconf 86' lang='lat' dir='ltr'><strong>Stephanus</strong></span> <span class='ocrx_word' id='word_1_325' title='bbox 1202 2228 1227 2263; x_wconf 88' lang='lat' dir='ltr'><strong>r.</strong></span> <span class='ocrx_word' id='word_1_326' title='bbox 1240 2211 1334 2278; x_wconf 76' lang='grc' dir='ltr'><strong>Βουθόη</strong></span> <span class='ocrx_word' id='word_1_327' title='bbox 1348 2228 1354 2264; x_wconf 92' lang='lat'><strong>:</strong></span> <span class='ocrx_word' id='word_1_328' title='bbox 1368 2210 1421 2282; x_wconf 77' lang='grc' dir='ltr'><strong>Ἔχ</strong></span> <span class='ocrx_word' id='word_1_329' title='bbox 1422 2230 1443 2264; x_wconf 91' lang='grc' dir='ltr'><strong>ιι</strong></span> <span class='ocrx_word' id='word_1_330' title='bbox 1456 2212 1479 2263; x_wconf 79' lang='grc' dir='ltr'><strong>δ’</strong></span> <span class='ocrx_word' id='word_1_331' title='bbox 1495 2210 1530 2284; x_wconf 72' lang='grc' dir='ltr'><strong>(ἡ</strong></span> <span class='ocrx_word' id='word_1_332' title='bbox 1547 2213 1660 2287; x_wconf 72' lang='lat' dir='ltr'><strong>bauldry)</strong></span> <span class='ocrx_word' id='word_1_333' title='bbox 1674 2215 1715 2270; x_wconf 78' lang='lat' dir='ltr'><strong>hri</strong></span> 
     </span>
     <span class='ocr_line' id='line_1_23' title="bbox 84 2286 1713 2365; baseline 0.001 -19"><span class='ocrx_word' id='word_1_334' title='bbox 84 2293 201 2363; x_wconf 76' lang='lat' dir='ltr'><strong>gendum</strong></span> <span class='ocrx_word' id='word_1_335' title='bbox 211 2294 254 2357; x_wconf 88' lang='lat' dir='ltr'><strong>sit,</strong></span> <span class='ocrx_word' id='word_1_336' title='bbox 264 2292 346 2344; x_wconf 82' lang='grc' dir='ltr'><strong>Κιινίο</strong></span> <span class='ocrx_word' id='word_1_337' title='bbox 352 2288 388 2343; x_wconf 91' lang='lat' dir='ltr'><strong>illi</strong></span> <span class='ocrx_word' id='word_1_338' title='bbox 395 2288 428 2342; x_wconf 91' lang='lat' dir='ltr'><strong>ad</strong></span> <span class='ocrx_word' id='word_1_339' title='bbox 435 2306 514 2359; x_wconf 87' lang='lat' dir='ltr'><strong>quem</strong></span> <span class='ocrx_word' id='word_1_340' title='bbox 522 2289 714 2359; x_wconf 88' lang='lat' dir='ltr'><strong>emporium,et</strong></span> <span class='ocrx_word' id='word_1_341' title='bbox 722 2286 789 2340; x_wconf 83' lang='lat' dir='ltr'><strong>inira</strong></span> <span class='ocrx_word' id='word_1_342' title='bbox 798 2304 883 2357; x_wconf 80' lang='lat' dir='ltr'><strong>quem</strong></span> <span class='ocrx_word' id='word_1_343' title='bbox 922 2294 967 2342; x_wconf 75' lang='grc' dir='ltr'><strong>τοῦ</strong></span> <span class='ocrx_word' id='word_1_344' title='bbox 987 2293 1068 2362; x_wconf 76' lang='grc' dir='ltr'><strong>μυχοῦ</strong></span> <span class='ocrx_word' id='word_1_345' title='bbox 1084 2286 1184 2351; x_wconf 72' lang='lat' dir='ltr'><strong>‘litora</strong></span> <span class='ocrx_word' id='word_1_346' title='bbox 1195 2288 1269 2343; x_wconf 77' lang='grc' dir='ltr'><strong>πόλιν</strong></span> <span class='ocrx_word' id='word_1_347' title='bbox 1283 2288 1325 2342; x_wconf 79' lang='lat' dir='ltr'><strong>acl</strong></span> <span class='ocrx_word' id='word_1_348' title='bbox 1338 2290 1450 2361; x_wconf 75' lang='grc' dir='ltr'><strong>ποταμὸν</strong></span> <span class='ocrx_word' id='word_1_349' title='bbox 1469 2289 1613 2362; x_wconf 76' lang='grc' dir='ltr'><strong>ὁμώνυμον.</strong></span> <span class='ocrx_word' id='word_1_350' title='bbox 1626 2295 1713 2365; x_wconf 84' lang='lat' dir='ltr'><strong>Ipsam</strong></span> 
     </span>
     <span class='ocr_line' id='line_1_24' title="bbox 83 2365 1712 2444; baseline 0.001 -19"><span class='ocrx_word' id='word_1_351' title='bbox 83 2372 190 2425; x_wconf 88' lang='lat' dir='ltr'><strong>Buthoa</strong></span> <span class='ocrx_word' id='word_1_352' title='bbox 214 2370 280 2424; x_wconf 86' lang='lat' dir='ltr'><strong>urbs</strong></span> <span class='ocrx_word' id='word_1_353' title='bbox 302 2371 352 2423; x_wconf 87' lang='lat' dir='ltr'><strong>sita</strong></span> <span class='ocrx_word' id='word_1_354' title='bbox 374 2366 482 2432; x_wconf 86' lang='lat' dir='ltr'><strong>suerint,</strong></span> <span class='ocrx_word' id='word_1_355' title='bbox 506 2384 603 2421; x_wconf 89' lang='lat' dir='ltr'><strong>nomen</strong></span> <span class='ocrx_word' id='word_1_356' title='bbox 629 2365 709 2419; x_wconf 81' lang='lat' dir='ltr'><strong>fuisse</strong></span> <span class='ocrx_word' id='word_1_357' title='bbox 732 2366 875 2434; x_wconf 77' lang='lat' dir='ltr'><strong>libiaunti3</strong></span> <span class='ocrx_word' id='word_1_358' title='bbox 922 2370 1053 2424; x_wconf 89' lang='lat' dir='ltr'><strong>Buthoam</strong></span> <span class='ocrx_word' id='word_1_359' title='bbox 1069 2368 1186 2422; x_wconf 77' lang='lat' dir='ltr'><strong>Cadmus</strong></span> <span class='ocrx_word' id='word_1_360' title='bbox 1201 2368 1356 2422; x_wconf 81' lang='lat' dir='ltr'><strong>condiderat</strong></span> <span class='ocrx_word' id='word_1_361' title='bbox 1375 2367 1513 2442; x_wconf 77' lang='lat' dir='ltr'><strong>(Stephl.</strong></span> <span class='ocrx_word' id='word_1_362' title='bbox 1526 2370 1556 2436; x_wconf 88' lang='lat' dir='ltr'><strong>l.;</strong></span> <span class='ocrx_word' id='word_1_363' title='bbox 1569 2373 1657 2444; x_wconf 86' lang='lat' dir='ltr'><strong>Etym.</strong></span> <span class='ocrx_word' id='word_1_364' title='bbox 1672 2375 1712 2427; x_wconf 86' lang='grc' dir='ltr'><strong>Μ.</strong></span> 
     </span>
     <span class='ocr_line' id='line_1_25' title="bbox 83 2444 1713 2522; baseline 0.001 -18"><span class='ocrx_word' id='word_1_365' title='bbox 83 2454 231 2505; x_wconf 85' lang='lat' dir='ltr'><strong>maximum</strong></span> <span class='ocrx_word' id='word_1_366' title='bbox 246 2466 309 2503; x_wconf 83' lang='lat' dir='ltr'><strong>vero</strong></span> <span class='ocrx_word' id='word_1_367' title='bbox 322 2446 443 2517; x_wconf 89' lang='lat' dir='ltr'><strong>estquod</strong></span> <span class='ocrx_word' id='word_1_368' title='bbox 452 2444 486 2500; x_wconf 90' lang='lat' dir='ltr'><strong>ad</strong></span> <span class='ocrx_word' id='word_1_369' title='bbox 497 2447 578 2499; x_wconf 88' lang='lat' dir='ltr'><strong>situm</strong></span> <span class='ocrx_word' id='word_1_370' title='bbox 590 2445 710 2499; x_wconf 87' lang='lat' dir='ltr'><strong>locorum</strong></span> <span class='ocrx_word' id='word_1_371' title='bbox 724 2462 778 2499; x_wconf 87' lang='lat' dir='ltr'><strong>non</strong></span> <span class='ocrx_word' id='word_1_372' title='bbox 793 2456 877 2499; x_wconf 88' lang='lat' dir='ltr'><strong>atten-</strong></span> <span class='ocrx_word' id='word_1_373' title='bbox 921 2465 950 2520; x_wconf 86' lang='lat' dir='ltr'><strong>p.</strong></span> <span class='ocrx_word' id='word_1_374' title='bbox 974 2465 1037 2519; x_wconf 78' lang='lat'><strong>207,</strong></span> <span class='ocrx_word' id='word_1_375' title='bbox 1062 2450 1094 2501; x_wconf 78' lang='lat'><strong>13</strong></span> <span class='ocrx_word' id='word_1_376' title='bbox 1114 2448 1123 2520; x_wconf 91' lang='lat'><strong>)</strong></span> <span class='ocrx_word' id='word_1_377' title='bbox 1133 2487 1141 2513; x_wconf 93' lang='lat'><strong>,</strong></span> <span class='ocrx_word' id='word_1_378' title='bbox 1163 2448 1209 2519; x_wconf 88' lang='lat' dir='ltr'><strong>qui</strong></span> <span class='ocrx_word' id='word_1_379' title='bbox 1224 2450 1303 2501; x_wconf 88' lang='lat' dir='ltr'><strong>etiam</strong></span> <span class='ocrx_word' id='word_1_380' title='bbox 1322 2447 1490 2519; x_wconf 84' lang='lat' dir='ltr'><strong>Lychnidum</strong></span> <span class='ocrx_word' id='word_1_381' title='bbox 1507 2449 1602 2522; x_wconf 78' lang='lat' dir='ltr'><strong>lllyriae</strong></span> <span class='ocrx_word' id='word_1_382' title='bbox 1620 2452 1713 2506; x_wconf 85' lang='lat' dir='ltr'><strong>urbem</strong></span> 
     </span>
     <span class='ocr_line' id='line_1_26' title="bbox 83 2524 1713 2600; baseline 0.001 -17"><span class='ocrx_word' id='word_1_383' title='bbox 83 2530 152 2585; x_wconf 79' lang='lat' dir='ltr'><strong>deris</strong></span> <span class='ocrx_word' id='word_1_384' title='bbox 164 2530 317 2583; x_wconf 61' lang='lat' dir='ltr'><strong>aesonius</strong></span> <span class='ocrx_word' id='word_1_385' title='bbox 329 2526 465 2581; x_wconf 77' lang='lat' dir='ltr'><strong>falsissima</strong></span> <span class='ocrx_word' id='word_1_386' title='bbox 474 2525 573 2597; x_wconf 88' lang='lat' dir='ltr'><strong>Scylaci</strong></span> <span class='ocrx_word' id='word_1_387' title='bbox 584 2524 694 2595; x_wconf 76' lang='lat' dir='ltr'><strong>affingit.</strong></span> <span class='ocrx_word' id='word_1_388' title='bbox 715 2527 765 2578; x_wconf 82' lang='lat' dir='ltr'><strong>llas</strong></span> <span class='ocrx_word' id='word_1_389' title='bbox 777 2526 813 2579; x_wconf 88' lang='lat' dir='ltr'><strong>ita</strong></span> <span class='ocrx_word' id='word_1_390' title='bbox 831 2526 877 2579; x_wconf 90' lang='lat' dir='ltr'><strong>ha·</strong></span> <span class='ocrx_word' id='word_1_391' title='bbox 922 2524 957 2579; x_wconf 93' lang='lat' dir='ltr'><strong>ad</strong></span> <span class='ocrx_word' id='word_1_392' title='bbox 969 2526 1055 2581; x_wconf 86' lang='lat' dir='ltr'><strong>lacum</strong></span> <span class='ocrx_word' id='word_1_393' title='bbox 1074 2528 1260 2597; x_wconf 73' lang='lat' dir='ltr'><strong>cognominem</strong></span> <span class='ocrx_word' id='word_1_394' title='bbox 1273 2525 1423 2580; x_wconf 86' lang='lat' dir='ltr'><strong>condidisse</strong></span> <span class='ocrx_word' id='word_1_395' title='bbox 1439 2526 1525 2581; x_wconf 79' lang='lat' dir='ltr'><strong>fertur</strong></span> <span class='ocrx_word' id='word_1_396' title='bbox 1535 2546 1578 2600; x_wconf 91' lang='lat' dir='ltr'><strong>ap.</strong></span> <span class='ocrx_word' id='word_1_397' title='bbox 1592 2530 1713 2584; x_wconf 86' lang='lat' dir='ltr'><strong>Christo·</strong></span> 
     </span>
     <span class='ocr_line' id='line_1_27' title="bbox 83 2602 1713 2677; baseline -0.001 -14"><span class='ocrx_word' id='word_1_398' title='bbox 83 2608 130 2663; x_wconf 89' lang='lat' dir='ltr'><strong>bet</strong></span> <span class='ocrx_word' id='word_1_399' title='bbox 143 2627 151 2663; x_wconf 89' lang='lat'><strong>:</strong></span> <span class='ocrx_word' id='word_1_400' title='bbox 164 2608 207 2663; x_wconf 77' lang='lat' dir='ltr'><strong>Ab</strong></span> <span class='ocrx_word' id='word_1_401' title='bbox 221 2610 319 2663; x_wconf 80' lang='lat' dir='ltr'><strong>Arione</strong></span> <span class='ocrx_word' id='word_1_402' title='bbox 336 2606 369 2661; x_wconf 88' lang='lat' dir='ltr'><strong>ad</strong></span> <span class='ocrx_word' id='word_1_403' title='bbox 383 2608 480 2659; x_wconf 87' lang='lat' dir='ltr'><strong>ostium</strong></span> <span class='ocrx_word' id='word_1_404' title='bbox 495 2606 633 2659; x_wconf 86' lang='lat' dir='ltr'><strong>Ilhizuntis</strong></span> <span class='ocrx_word' id='word_1_405' title='bbox 648 2602 732 2658; x_wconf 88' lang='lat' dir='ltr'><strong>stadia</strong></span> <span class='ocrx_word' id='word_1_406' title='bbox 745 2615 807 2661; x_wconf 89' lang='lat' dir='ltr'><strong>sunt</strong></span> <span class='ocrx_word' id='word_1_407' title='bbox 827 2606 878 2658; x_wconf 90' lang='lat' dir='ltr'><strong>cir·</strong></span> <span class='ocrx_word' id='word_1_408' title='bbox 922 2602 982 2658; x_wconf 89' lang='lat' dir='ltr'><strong>dor.</strong></span> <span class='ocrx_word' id='word_1_409' title='bbox 996 2607 1024 2658; x_wconf 90' lang='lat' dir='ltr'><strong>in</strong></span> <span class='ocrx_word' id='word_1_410' title='bbox 1037 2604 1147 2659; x_wconf 77' lang='lat' dir='ltr'><strong>Anthol.</strong></span> <span class='ocrx_word' id='word_1_411' title='bbox 1159 2606 1222 2669; x_wconf 87' lang='lat' dir='ltr'><strong>Vll,</strong></span> <span class='ocrx_word' id='word_1_412' title='bbox 1233 2623 1261 2677; x_wconf 87' lang='lat' dir='ltr'><strong>p.</strong></span> <span class='ocrx_word' id='word_1_413' title='bbox 1275 2610 1327 2674; x_wconf 84' lang='lat'><strong>697</strong></span> <span class='ocrx_word' id='word_1_414' title='bbox 1342 2621 1349 2658; x_wconf 88' lang='lat'>:</span> <span class='ocrx_word' id='word_1_415' title='bbox 1362 2605 1494 2675; x_wconf 76' lang='grc' dir='ltr'><strong>Δυχνιδδν,</strong></span> <span class='ocrx_word' id='word_1_416' title='bbox 1509 2607 1540 2673; x_wconf 82' lang='grc' dir='ltr'><strong>ἣν</strong></span> <span class='ocrx_word' id='word_1_417' title='bbox 1550 2607 1640 2670; x_wconf 80' lang='grc' dir='ltr'><strong>Φοῖνιξ</strong></span> <span class='ocrx_word' id='word_1_418' title='bbox 1648 2609 1713 2661; x_wconf 75' lang='lat' dir='ltr'><strong>lidb-</strong></span> 
     </span>
     <span class='ocr_line' id='line_1_28' title="bbox 83 2682 1713 2757; baseline 0.001 -16"><span class='ocrx_word' id='word_1_419' title='bbox 83 2690 153 2743; x_wconf 85' lang='lat' dir='ltr'><strong>citer</strong></span> <span class='ocrx_word' id='word_1_420' title='bbox 167 2690 230 2753; x_wconf 74' lang='lat' dir='ltr'><strong>ico,</strong></span> <span class='ocrx_word' id='word_1_421' title='bbox 248 2686 275 2740; x_wconf 89' lang='lat' dir='ltr'><strong>id</strong></span> <span class='ocrx_word' id='word_1_422' title='bbox 289 2697 338 2752; x_wconf 76' lang='lat' dir='ltr'><strong>ast,</strong></span> <span class='ocrx_word' id='word_1_423' title='bbox 349 2686 427 2747; x_wconf 75' lang='grc' dir='ltr'><strong>πλοῦς</strong></span> <span class='ocrx_word' id='word_1_424' title='bbox 442 2684 533 2757; x_wconf 65' lang='grc' dir='ltr'><strong>ἡμὶρας</strong></span> <span class='ocrx_word' id='word_1_425' title='bbox 544 2684 629 2756; x_wconf 78' lang='grc' dir='ltr'><strong>ἥμισυ.</strong></span> <span class='ocrx_word' id='word_1_426' title='bbox 642 2682 746 2737; x_wconf 80' lang='lat' dir='ltr'><strong>Deinde</strong></span> <span class='ocrx_word' id='word_1_427' title='bbox 761 2684 795 2737; x_wconf 90' lang='lat' dir='ltr'><strong>ab</strong></span> <span class='ocrx_word' id='word_1_428' title='bbox 809 2686 878 2738; x_wconf 90' lang='lat' dir='ltr'><strong>ostio</strong></span> <span class='ocrx_word' id='word_1_429' title='bbox 923 2704 970 2757; x_wconf 87' lang='grc' dir='ltr'><strong>μος</strong></span> <span class='ocrx_word' id='word_1_430' title='bbox 981 2684 1062 2756; x_wconf 75' lang='grc' dir='ltr'><strong>ἔδιιμι</strong></span> <span class='ocrx_word' id='word_1_431' title='bbox 1078 2684 1162 2738; x_wconf 77' lang='grc' dir='ltr'><strong>πόλιν.</strong></span> <span class='ocrx_word' id='word_1_432' title='bbox 1176 2685 1300 2755; x_wconf 88' lang='lat' dir='ltr'><strong>Denique</strong></span> <span class='ocrx_word' id='word_1_433' title='bbox 1312 2684 1380 2737; x_wconf 88' lang='lat' dir='ltr'><strong>duos</strong></span> <span class='ocrx_word' id='word_1_434' title='bbox 1390 2686 1462 2738; x_wconf 86' lang='lat' dir='ltr'><strong>locos</strong></span> <span class='ocrx_word' id='word_1_435' title='bbox 1478 2685 1571 2739; x_wconf 81' lang='lat' dir='ltr'><strong>Cadmi</strong></span> <span class='ocrx_word' id='word_1_436' title='bbox 1583 2688 1658 2741; x_wconf 90' lang='lat' dir='ltr'><strong>cultu</strong></span> <span class='ocrx_word' id='word_1_437' title='bbox 1669 2707 1713 2743; x_wconf 88' lang='lat' dir='ltr'><strong>cc·</strong></span> 
     </span>
     <span class='ocr_line' id='line_1_29' title="bbox 83 2760 1711 2838; baseline 0.001 -17"><span class='ocrx_word' id='word_1_438' title='bbox 83 2768 225 2822; x_wconf 83' lang='lat' dir='ltr'><strong>Rhizuntis</strong></span> <span class='ocrx_word' id='word_1_439' title='bbox 238 2764 314 2837; x_wconf 85' lang='lat' dir='ltr'><strong>juxta</strong></span> <span class='ocrx_word' id='word_1_440' title='bbox 334 2782 408 2819; x_wconf 89' lang='lat' dir='ltr'><strong>oram</strong></span> <span class='ocrx_word' id='word_1_441' title='bbox 420 2765 579 2817; x_wconf 88' lang='lat' dir='ltr'><strong>maritimam</strong></span> <span class='ocrx_word' id='word_1_442' title='bbox 595 2760 725 2833; x_wconf 84' lang='lat' dir='ltr'><strong>usquead</strong></span> <span class='ocrx_word' id='word_1_443' title='bbox 746 2762 877 2817; x_wconf 84' lang='lat' dir='ltr'><strong>Buthoam</strong></span> <span class='ocrx_word' id='word_1_444' title='bbox 922 2764 1007 2817; x_wconf 72' lang='lat' dir='ltr'><strong>lebret</strong></span> <span class='ocrx_word' id='word_1_445' title='bbox 1021 2765 1113 2819; x_wconf 86' lang='lat' dir='ltr'><strong>miscet</strong></span> <span class='ocrx_word' id='word_1_446' title='bbox 1124 2765 1214 2818; x_wconf 86' lang='lat' dir='ltr'><strong>nescio</strong></span> <span class='ocrx_word' id='word_1_447' title='bbox 1233 2764 1342 2835; x_wconf 87' lang='lat' dir='ltr'><strong>quinam</strong></span> <span class='ocrx_word' id='word_1_448' title='bbox 1354 2764 1495 2836; x_wconf 79' lang='lat' dir='ltr'><strong>Sophoclea</strong></span> <span class='ocrx_word' id='word_1_449' title='bbox 1507 2784 1551 2837; x_wconf 88' lang='lat' dir='ltr'><strong>ap.</strong></span> <span class='ocrx_word' id='word_1_450' title='bbox 1566 2769 1654 2838; x_wconf 87' lang='lat' dir='ltr'><strong>Etym.</strong></span> <span class='ocrx_word' id='word_1_451' title='bbox 1672 2771 1711 2823; x_wconf 86' lang='lat' dir='ltr'><strong>ld.</strong></span> 
     </span>
     <span class='ocr_line' id='line_1_30' title="bbox 85 2838 1713 2920; baseline -0.007 -19"><span class='ocrx_word' id='word_1_452' title='bbox 85 2848 94 2916; x_wconf 93' lang='lat'>(</span> <span class='ocrx_word' id='word_1_453' title='bbox 103 2852 220 2901; x_wconf 78' lang='grc' dir='ltr'><strong>Βιιιιιιιιιι</strong></span> <span class='ocrx_word' id='word_1_454' title='bbox 229 2864 281 2900; x_wconf 89' lang='lat' dir='ltr'><strong>sec.</strong></span> <span class='ocrx_word' id='word_1_455' title='bbox 292 2844 371 2909; x_wconf 89' lang='lat' dir='ltr'><strong>Plin.;</strong></span> <span class='ocrx_word' id='word_1_456' title='bbox 384 2842 465 2897; x_wconf 87' lang='lat' dir='ltr'><strong>bodie</strong></span> <span class='ocrx_word' id='word_1_457' title='bbox 477 2840 590 2915; x_wconf 81' lang='lat' dir='ltr'><strong>Budua)</strong></span> <span class='ocrx_word' id='word_1_458' title='bbox 604 2838 688 2895; x_wconf 88' lang='lat' dir='ltr'><strong>stadia</strong></span> <span class='ocrx_word' id='word_1_459' title='bbox 696 2839 801 2894; x_wconf 84' lang='lat' dir='ltr'><strong>suntad</strong></span> <span class='ocrx_word' id='word_1_460' title='bbox 813 2858 876 2899; x_wconf 86' lang='lat' dir='ltr'><strong>aoo.</strong></span> <span class='ocrx_word' id='word_1_461' title='bbox 922 2844 940 2898; x_wconf 93' lang='lat' dir='ltr'><strong>l.</strong></span> <span class='ocrx_word' id='word_1_462' title='bbox 961 2844 1000 2898; x_wconf 92' lang='lat' dir='ltr'><strong>l.:</strong></span> <span class='ocrx_word' id='word_1_463' title='bbox 1021 2842 1136 2910; x_wconf 74' lang='grc' dir='ltr'><strong>Βουθοιη,</strong></span> <span class='ocrx_word' id='word_1_464' title='bbox 1150 2842 1222 2906; x_wconf 78' lang='grc' dir='ltr'><strong>πόλις</strong></span> <span class='ocrx_word' id='word_1_465' title='bbox 1240 2846 1283 2910; x_wconf 76' lang='grc' dir='ltr'><strong>τῆς</strong></span> <span class='ocrx_word' id='word_1_466' title='bbox 1304 2840 1433 2915; x_wconf 75' lang='grc' dir='ltr'><strong>Ἰλλυρίιις.</strong></span> <span class='ocrx_word' id='word_1_467' title='bbox 1454 2844 1582 2916; x_wconf 70' lang='grc' dir='ltr'><strong>Σοφοκλῆς</strong></span> <span class='ocrx_word' id='word_1_468' title='bbox 1604 2844 1713 2920; x_wconf 63' lang='grc' dir='ltr'><strong>Ὀνομα.</strong></span> 
     </span>
     <span class='ocr_line' id='line_1_31' title="bbox 82 2920 1752 2998; baseline -0.004 -14"><span class='ocrx_word' id='word_1_469' title='bbox 82 2927 211 2984; x_wconf 82' lang='lat' dir='ltr'><strong>Totidem</strong></span> <span class='ocrx_word' id='word_1_470' title='bbox 230 2943 293 2979; x_wconf 87' lang='lat' dir='ltr'><strong>vero</strong></span> <span class='ocrx_word' id='word_1_471' title='bbox 314 2923 398 2978; x_wconf 87' lang='lat' dir='ltr'><strong>stadia</strong></span> <span class='ocrx_word' id='word_1_472' title='bbox 410 2933 472 2976; x_wconf 87' lang='lat' dir='ltr'><strong>sunt</strong></span> <span class='ocrx_word' id='word_1_473' title='bbox 492 2923 574 2994; x_wconf 82' lang='lat' dir='ltr'><strong>siper</strong></span> <span class='ocrx_word' id='word_1_474' title='bbox 594 2923 693 2974; x_wconf 86' lang='lat' dir='ltr'><strong>ostiam</strong></span> <span class='ocrx_word' id='word_1_475' title='bbox 714 2920 832 2976; x_wconf 85' lang='lat' dir='ltr'><strong>fluminis</strong></span> <span class='ocrx_word' id='word_1_476' title='bbox 844 2923 877 2976; x_wconf 91' lang='lat' dir='ltr'><strong>ad</strong></span> <span class='ocrx_word' id='word_1_477' title='bbox 922 2923 984 2978; x_wconf 81' lang='grc' dir='ltr'><strong>ιιλεῖ</strong></span> <span class='ocrx_word' id='word_1_478' title='bbox 993 2923 1038 2995; x_wconf 78' lang='lat' dir='ltr'><strong>(i)</strong></span> <span class='ocrx_word' id='word_1_479' title='bbox 1065 2923 1170 2990; x_wconf 76' lang='lat' dir='ltr'><strong>Boulehy</strong></span> <span class='ocrx_word' id='word_1_480' title='bbox 1181 2922 1304 2994; x_wconf 72' lang='grc' dir='ltr'><strong>Δριλωνος</strong></span> <span class='ocrx_word' id='word_1_481' title='bbox 1317 2922 1357 2977; x_wconf 72' lang='lat' dir='ltr'><strong>inl</strong></span> <span class='ocrx_word' id='word_1_482' title='bbox 1368 2927 1516 2996; x_wconf 68' lang='grc' dir='ltr'><strong>προχοῇσιν.</strong></span> <span class='ocrx_word' id='word_1_483' title='bbox 1530 2925 1610 2979; x_wconf 90' lang='lat' dir='ltr'><strong>Unde</strong></span> <span class='ocrx_word' id='word_1_484' title='bbox 1620 2926 1714 2998; x_wconf 87' lang='lat' dir='ltr'><strong>aliquis</strong></span> <span class='ocrx_word' id='word_1_485' title='bbox 1748 2966 1752 2977; x_wconf 85' lang='lat'><strong>.</strong></span> 
     </span>
     <span class='ocr_line' id='line_1_32' title="bbox 83 3001 1714 3078; baseline 0.001 -18"><span class='ocrx_word' id='word_1_486' title='bbox 83 3007 235 3078; x_wconf 89' lang='lat' dir='ltr'><strong>emporium</strong></span> <span class='ocrx_word' id='word_1_487' title='bbox 260 3003 416 3058; x_wconf 83' lang='lat' dir='ltr'><strong>Rhiauntem</strong></span> <span class='ocrx_word' id='word_1_488' title='bbox 430 3001 439 3072; x_wconf 86' lang='lat'>(</span> <span class='ocrx_word' id='word_1_489' title='bbox 452 3019 523 3054; x_wconf 86' lang='lat' dir='ltr'><strong>nurrc</strong></span> <span class='ocrx_word' id='word_1_490' title='bbox 544 3001 663 3072; x_wconf 73' lang='lat' dir='ltr'><strong>diseno)</strong></span> <span class='ocrx_word' id='word_1_491' title='bbox 686 3002 801 3069; x_wconf 77' lang='lat' dir='ltr'><strong>naviges.</strong></span> <span class='ocrx_word' id='word_1_492' title='bbox 824 3005 877 3056; x_wconf 84' lang='lat' dir='ltr'><strong>Has</strong></span> <span class='ocrx_word' id='word_1_493' title='bbox 922 3003 1053 3075; x_wconf 83' lang='lat' dir='ltr'><strong>conjicere</strong></span> <span class='ocrx_word' id='word_1_494' title='bbox 1064 3005 1146 3074; x_wconf 85' lang='lat' dir='ltr'><strong>possit</strong></span> <span class='ocrx_word' id='word_1_495' title='bbox 1160 3013 1251 3056; x_wconf 85' lang='lat' dir='ltr'><strong>nostro</strong></span> <span class='ocrx_word' id='word_1_496' title='bbox 1264 3003 1502 3075; x_wconf 89' lang='lat' dir='ltr'><strong>quoquelocopro</strong></span> <span class='ocrx_word' id='word_1_497' title='bbox 1512 3002 1624 3076; x_wconf 73' lang='grc' dir='ltr'><strong>’λρίιονος</strong></span> <span class='ocrx_word' id='word_1_498' title='bbox 1635 3006 1714 3063; x_wconf 86' lang='lat' dir='ltr'><strong>luisse</strong></span> 
     </span>
     <span class='ocr_line' id='line_1_33' title="bbox 83 3077 1714 3158; baseline 0.001 -22"><span class='ocrx_word' id='word_1_499' title='bbox 83 3085 223 3138; x_wconf 82' lang='lat' dir='ltr'><strong>distantias</strong></span> <span class='ocrx_word' id='word_1_500' title='bbox 236 3083 299 3138; x_wconf 85' lang='lat' dir='ltr'><strong>item</strong></span> <span class='ocrx_word' id='word_1_501' title='bbox 308 3079 361 3136; x_wconf 89' lang='lat' dir='ltr'><strong>diei</strong></span> <span class='ocrx_word' id='word_1_502' title='bbox 371 3079 502 3134; x_wconf 87' lang='lat' dir='ltr'><strong>dimidiati</strong></span> <span class='ocrx_word' id='word_1_503' title='bbox 516 3080 682 3150; x_wconf 79' lang='lat' dir='ltr'><strong>navigatione</strong></span> <span class='ocrx_word' id='word_1_504' title='bbox 696 3077 789 3149; x_wconf 83' lang='lat' dir='ltr'><strong>Scylax</strong></span> <span class='ocrx_word' id='word_1_505' title='bbox 803 3091 878 3134; x_wconf 87' lang='lat' dir='ltr'><strong>uota·</strong></span> <span class='ocrx_word' id='word_1_506' title='bbox 921 3084 1055 3154; x_wconf 80' lang='grc' dir='ltr'><strong>Δρίλυνος,</strong></span> <span class='ocrx_word' id='word_1_507' title='bbox 1068 3085 1119 3136; x_wconf 88' lang='lat' dir='ltr'><strong>nisi</strong></span> <span class='ocrx_word' id='word_1_508' title='bbox 1133 3093 1286 3153; x_wconf 82' lang='lat' dir='ltr'><strong>sequeretur</strong></span> <span class='ocrx_word' id='word_1_509' title='bbox 1298 3080 1437 3144; x_wconf 77' lang='grc' dir='ltr'><strong>Ῥιζοῦντος</strong></span> <span class='ocrx_word' id='word_1_510' title='bbox 1446 3083 1543 3137; x_wconf 89' lang='lat' dir='ltr'><strong>etalius</strong></span> <span class='ocrx_word' id='word_1_511' title='bbox 1554 3082 1638 3155; x_wconf 79' lang='lat' dir='ltr'><strong>’.lplor</strong></span> <span class='ocrx_word' id='word_1_512' title='bbox 1648 3105 1714 3158; x_wconf 72' lang='lat' dir='ltr'><strong>prae·</strong></span> 
     </span>
     <span class='ocr_line' id='line_1_34' title="bbox 84 3155 1712 3234; baseline 0.002 -18"><span class='ocrx_word' id='word_1_513' title='bbox 84 3166 132 3218; x_wconf 84' lang='lat' dir='ltr'><strong>vit.</strong></span> <span class='ocrx_word' id='word_1_514' title='bbox 142 3195 181 3205; x_wconf 94' lang='lat'><em>-</em></span> <span class='ocrx_word' id='word_1_515' title='bbox 191 3164 294 3217; x_wconf 83' lang='lat' dir='ltr'><strong>llhizon</strong></span> <span class='ocrx_word' id='word_1_516' title='bbox 305 3161 345 3215; x_wconf 85' lang='lat' dir='ltr'><strong>rel</strong></span> <span class='ocrx_word' id='word_1_517' title='bbox 359 3161 457 3214; x_wconf 76' lang='lat' dir='ltr'><strong>uinus</strong></span> <span class='ocrx_word' id='word_1_518' title='bbox 470 3178 524 3214; x_wconf 90' lang='lat' dir='ltr'><strong>non</strong></span> <span class='ocrx_word' id='word_1_519' title='bbox 539 3169 578 3212; x_wconf 81' lang='lat' dir='ltr'><strong>est</strong></span> <span class='ocrx_word' id='word_1_520' title='bbox 590 3159 772 3228; x_wconf 82' lang='lat' dir='ltr'><strong>aanefluvr&#39;us,</strong></span> <span class='ocrx_word' id='word_1_521' title='bbox 785 3158 831 3212; x_wconf 86' lang='lat' dir='ltr'><strong>sed</strong></span> <span class='ocrx_word' id='word_1_522' title='bbox 843 3161 880 3214; x_wconf 84' lang='lat' dir='ltr'><strong>ita</strong></span> <span class='ocrx_word' id='word_1_523' title='bbox 922 3163 1037 3216; x_wconf 80' lang='lat' dir='ltr'><strong>cederet.</strong></span> <span class='ocrx_word' id='word_1_524' title='bbox 1057 3155 1186 3216; x_wconf 79' lang='lat' dir='ltr'><strong>Ceterum</strong></span> <span class='ocrx_word' id='word_1_525' title='bbox 1199 3160 1234 3214; x_wconf 89' lang='lat' dir='ltr'><strong>de</strong></span> <span class='ocrx_word' id='word_1_526' title='bbox 1242 3161 1345 3215; x_wconf 86' lang='lat' dir='ltr'><strong>Cadmo</strong></span> <span class='ocrx_word' id='word_1_527' title='bbox 1359 3163 1385 3214; x_wconf 93' lang='lat' dir='ltr'><strong>in</strong></span> <span class='ocrx_word' id='word_1_528' title='bbox 1404 3161 1519 3232; x_wconf 79' lang='lat' dir='ltr'><strong>illyriam</strong></span> <span class='ocrx_word' id='word_1_529' title='bbox 1532 3163 1652 3234; x_wconf 85' lang='lat' dir='ltr'><strong>proiecto</strong></span> <span class='ocrx_word' id='word_1_530' title='bbox 1662 3167 1712 3219; x_wconf 91' lang='lat' dir='ltr'><strong>ibi·</strong></span> 
     </span>
     <span class='ocr_line' id='line_1_35' title="bbox 83 3237 1711 3314; baseline 0.001 -19"><span class='ocrx_word' id='word_1_531' title='bbox 83 3254 197 3297; x_wconf 84' lang='lat' dir='ltr'><strong>rocatur</strong></span> <span class='ocrx_word' id='word_1_532' title='bbox 207 3252 289 3296; x_wconf 87' lang='lat' dir='ltr'><strong>tuma</strong></span> <span class='ocrx_word' id='word_1_533' title='bbox 298 3241 402 3313; x_wconf 81' lang='lat' dir='ltr'><strong>Scylace</strong></span> <span class='ocrx_word' id='word_1_534' title='bbox 412 3250 469 3294; x_wconf 91' lang='lat' dir='ltr'><strong>tum</strong></span> <span class='ocrx_word' id='word_1_535' title='bbox 483 3259 499 3294; x_wconf 92' lang='lat' dir='ltr'><strong>a</strong></span> <span class='ocrx_word' id='word_1_536' title='bbox 516 3237 627 3310; x_wconf 87' lang='lat' dir='ltr'><strong>Polybio</strong></span> <span class='ocrx_word' id='word_1_537' title='bbox 636 3240 673 3304; x_wconf 90' lang='lat' dir='ltr'><strong>ll,</strong></span> <span class='ocrx_word' id='word_1_538' title='bbox 688 3255 718 3291; x_wconf 86' lang='grc' dir='ltr'><strong>ιι</strong></span> <span class='ocrx_word' id='word_1_539' title='bbox 729 3249 756 3292; x_wconf 91' lang='lat' dir='ltr'><strong>et</strong></span> <span class='ocrx_word' id='word_1_540' title='bbox 768 3239 879 3294; x_wconf 80' lang='lat' dir='ltr'><strong>Philone</strong></span> <span class='ocrx_word' id='word_1_541' title='bbox 922 3259 976 3313; x_wconf 89' lang='lat' dir='ltr'><strong>qne</strong></span> <span class='ocrx_word' id='word_1_542' title='bbox 983 3251 1107 3314; x_wconf 80' lang='lat' dir='ltr'><strong>regnante</strong></span> <span class='ocrx_word' id='word_1_543' title='bbox 1118 3252 1144 3294; x_wconf 90' lang='lat' dir='ltr'><strong>et</strong></span> <span class='ocrx_word' id='word_1_544' title='bbox 1154 3251 1260 3293; x_wconf 89' lang='lat' dir='ltr'><strong>mortuo</strong></span> <span class='ocrx_word' id='word_1_545' title='bbox 1271 3258 1296 3292; x_wconf 86' lang='grc' dir='ltr'><strong>ν.</strong></span> <span class='ocrx_word' id='word_1_546' title='bbox 1311 3239 1464 3310; x_wconf 76' lang='lat' dir='ltr'><strong>Apollodor.</strong></span> <span class='ocrx_word' id='word_1_547' title='bbox 1475 3244 1526 3306; x_wconf 85' lang='lat'><strong>111,</strong></span> <span class='ocrx_word' id='word_1_548' title='bbox 1538 3243 1563 3309; x_wconf 86' lang='grc'><strong>5,</strong></span> <span class='ocrx_word' id='word_1_549' title='bbox 1576 3246 1590 3306; x_wconf 76' lang='grc'>4</span> <span class='ocrx_word' id='word_1_550' title='bbox 1601 3245 1711 3308; x_wconf 80' lang='lat' dir='ltr'><strong>;Strabo</strong></span> 
     </span>
     <span class='ocr_line' id='line_1_36' title="bbox 48 3316 1781 3394; baseline -0.002 -19"><span class='ocrx_word' id='word_1_551' title='bbox 48 3321 56 3342; x_wconf 73' lang='lat'><strong>‘¹</strong></span> <span class='ocrx_word' id='word_1_552' title='bbox 84 3325 94 3388; x_wconf 95' lang='lat'>(</span> <span class='ocrx_word' id='word_1_553' title='bbox 105 3340 149 3392; x_wconf 84' lang='lat' dir='ltr'><strong>ap.</strong></span> <span class='ocrx_word' id='word_1_554' title='bbox 163 3319 255 3391; x_wconf 84' lang='lat' dir='ltr'><strong>Steph.</strong></span> <span class='ocrx_word' id='word_1_555' title='bbox 270 3321 332 3390; x_wconf 79' lang='lat' dir='ltr'><strong>Byr..</strong></span> <span class='ocrx_word' id='word_1_556' title='bbox 347 3336 373 3372; x_wconf 85' lang='grc' dir='ltr'><strong>ν.</strong></span> <span class='ocrx_word' id='word_1_557' title='bbox 385 3317 501 3389; x_wconf 75' lang='grc' dir='ltr'><strong>Βουοόη)</strong></span> <span class='ocrx_word' id='word_1_558' title='bbox 518 3317 591 3371; x_wconf 87' lang='lat' dir='ltr'><strong>sinus</strong></span> <span class='ocrx_word' id='word_1_559' title='bbox 606 3316 878 3388; x_wconf 80' lang='lat' dir='ltr'><strong>perangustuslonge·</strong></span> <span class='ocrx_word' id='word_1_560' title='bbox 923 3325 948 3388; x_wconf 88' lang='grc' dir='ltr'><strong>Ι,</strong></span> <span class='ocrx_word' id='word_1_561' title='bbox 963 3323 1162 3394; x_wconf 52' lang='lat' dir='ltr'><strong>plump.</strong></span> <span class='ocrx_word' id='word_1_562' title='bbox 1177 3322 1243 3385; x_wconf 79' lang='lat'><strong>326;</strong></span> <span class='ocrx_word' id='word_1_563' title='bbox 1258 3317 1506 3385; x_wconf 59' lang='lat' dir='ltr'><strong>acroceraunus.</strong></span> <span class='ocrx_word' id='word_1_564' title='bbox 1522 3323 1558 3386; x_wconf 88' lang='lat' dir='ltr'><strong>V,</strong></span> <span class='ocrx_word' id='word_1_565' title='bbox 1573 3327 1622 3388; x_wconf 76' lang='lat'><strong>61;</strong></span> <span class='ocrx_word' id='word_1_566' title='bbox 1642 3326 1711 3378; x_wconf 76' lang='lat' dir='ltr'><strong>Peu-</strong></span> <span class='ocrx_word' id='word_1_567' title='bbox 1776 3318 1781 3327; x_wconf 70' lang='lat'><strong>⁴</strong></span> 
     </span>
    </p>

    <p class='ocr_par' dir='ltr' id='par_1_5' title="bbox 83 3394 1714 3949">
     <span class='ocr_line' id='line_1_37' title="bbox 83 3394 1711 3472; baseline 0.001 -19"><span class='ocrx_word' id='word_1_568' title='bbox 83 3418 138 3470; x_wconf 91' lang='lat' dir='ltr'><strong>quc</strong></span> <span class='ocrx_word' id='word_1_569' title='bbox 151 3410 178 3454; x_wconf 88' lang='lat' dir='ltr'><strong>ct</strong></span> <span class='ocrx_word' id='word_1_570' title='bbox 192 3397 361 3453; x_wconf 79' lang='lat' dir='ltr'><strong>multifariam</strong></span> <span class='ocrx_word' id='word_1_571' title='bbox 374 3399 400 3450; x_wconf 92' lang='lat' dir='ltr'><strong>in</strong></span> <span class='ocrx_word' id='word_1_572' title='bbox 412 3407 509 3452; x_wconf 88' lang='lat' dir='ltr'><strong>terram</strong></span> <span class='ocrx_word' id='word_1_573' title='bbox 523 3407 664 3468; x_wconf 88' lang='lat' dir='ltr'><strong>penetrans</strong></span> <span class='ocrx_word' id='word_1_574' title='bbox 677 3394 759 3455; x_wconf 85' lang='lat' dir='ltr'><strong>llrod.</strong></span> <span class='ocrx_word' id='word_1_575' title='bbox 769 3395 839 3472; x_wconf 68' lang='lat' dir='ltr'><strong>guise</strong></span> <span class='ocrx_word' id='word_1_576' title='bbox 847 3397 879 3450; x_wconf 83' lang='lat' dir='ltr'><strong>de</strong></span> <span class='ocrx_word' id='word_1_577' title='bbox 922 3419 980 3454; x_wconf 83' lang='lat' dir='ltr'><strong>san.</strong></span> <span class='ocrx_word' id='word_1_578' title='bbox 993 3402 1043 3466; x_wconf 82' lang='lat' dir='ltr'><strong>IX,</strong></span> <span class='ocrx_word' id='word_1_579' title='bbox 1061 3400 1087 3466; x_wconf 81' lang='lat'><strong>5,</strong></span> <span class='ocrx_word' id='word_1_580' title='bbox 1110 3417 1135 3463; x_wconf 93' lang='lat'><strong>1,</strong></span> <span class='ocrx_word' id='word_1_581' title='bbox 1148 3417 1179 3469; x_wconf 81' lang='lat'><strong>73</strong></span> <span class='ocrx_word' id='word_1_582' title='bbox 1196 3398 1308 3469; x_wconf 87' lang='lat' dir='ltr'><strong>Diodor.</strong></span> <span class='ocrx_word' id='word_1_583' title='bbox 1329 3400 1405 3463; x_wconf 82' lang='lat' dir='ltr'><strong>XIX,</strong></span> <span class='ocrx_word' id='word_1_584' title='bbox 1422 3399 1470 3464; x_wconf 69' lang='lat'><strong>533</strong></span> <span class='ocrx_word' id='word_1_585' title='bbox 1486 3399 1617 3453; x_wconf 71' lang='lat' dir='ltr'><strong>Nicander</strong></span> <span class='ocrx_word' id='word_1_586' title='bbox 1629 3401 1711 3458; x_wconf 85' lang='lat' dir='ltr'><strong>Ther.</strong></span> 
     </span>
     <span class='ocr_line' id='line_1_38' title="bbox 85 3475 1711 3550; baseline 0.001 -18"><span class='ocrx_word' id='word_1_587' title='bbox 85 3485 197 3546; x_wconf 67' lang='lat' dir='ltr'><strong>Qtttqro</strong></span> <span class='ocrx_word' id='word_1_588' title='bbox 207 3479 228 3550; x_wconf 90' lang='lat'><strong>).</strong></span> <span class='ocrx_word' id='word_1_589' title='bbox 243 3479 348 3532; x_wconf 80' lang='lat' dir='ltr'><strong>Ostium</strong></span> <span class='ocrx_word' id='word_1_590' title='bbox 366 3475 433 3530; x_wconf 90' lang='lat' dir='ltr'><strong>adeo</strong></span> <span class='ocrx_word' id='word_1_591' title='bbox 445 3487 485 3530; x_wconf 86' lang='lat' dir='ltr'><strong>est</strong></span> <span class='ocrx_word' id='word_1_592' title='bbox 502 3487 676 3540; x_wconf 71' lang='lat' dir='ltr'><strong>commatum,</strong></span> <span class='ocrx_word' id='word_1_593' title='bbox 687 3485 717 3528; x_wconf 93' lang='lat' dir='ltr'><strong>ut</strong></span> <span class='ocrx_word' id='word_1_594' title='bbox 731 3475 786 3546; x_wconf 86' lang='lat' dir='ltr'><strong>ipse</strong></span> <span class='ocrx_word' id='word_1_595' title='bbox 806 3476 879 3528; x_wconf 87' lang='lat' dir='ltr'><strong>sinus</strong></span> <span class='ocrx_word' id='word_1_596' title='bbox 923 3485 986 3550; x_wconf 74' lang='lat'><strong>6073</strong></span> <span class='ocrx_word' id='word_1_597' title='bbox 995 3480 1107 3532; x_wconf 89' lang='lat' dir='ltr'><strong>Nonnus</strong></span> <span class='ocrx_word' id='word_1_598' title='bbox 1116 3479 1165 3542; x_wconf 87' lang='lat' dir='ltr'><strong>IV,</strong></span> <span class='ocrx_word' id='word_1_599' title='bbox 1177 3482 1238 3546; x_wconf 74' lang='lat'>4¹7·</span> <span class='ocrx_word' id='word_1_600' title='bbox 1249 3479 1348 3542; x_wconf 77' lang='lat' dir='ltr'><strong>XLIV,</strong></span> <span class='ocrx_word' id='word_1_601' title='bbox 1362 3481 1422 3530; x_wconf 82' lang='lat'><strong>116.</strong></span> <span class='ocrx_word' id='word_1_602' title='bbox 1435 3479 1534 3544; x_wconf 82' lang='lat' dir='ltr'><strong>XLVI,</strong></span> <span class='ocrx_word' id='word_1_603' title='bbox 1548 3479 1613 3545; x_wconf 75' lang='lat'><strong>3643</strong></span> <span class='ocrx_word' id='word_1_604' title='bbox 1623 3482 1711 3534; x_wconf 80' lang='lat' dir='ltr'><strong>Tactz.</strong></span> 
     </span>
     <span class='ocr_line' id='line_1_39' title="bbox 84 3555 1714 3630; baseline 0.001 -18"><span class='ocrx_word' id='word_1_605' title='bbox 84 3559 158 3612; x_wconf 85' lang='lat' dir='ltr'><strong>lacus</strong></span> <span class='ocrx_word' id='word_1_606' title='bbox 180 3559 293 3630; x_wconf 80' lang='lat' dir='ltr'><strong>speciem</strong></span> <span class='ocrx_word' id='word_1_607' title='bbox 311 3575 366 3628; x_wconf 81' lang='lat' dir='ltr'><strong>pras</strong></span> <span class='ocrx_word' id='word_1_608' title='bbox 384 3575 412 3610; x_wconf 88' lang='lat' dir='ltr'><strong>ae</strong></span> <span class='ocrx_word' id='word_1_609' title='bbox 424 3555 499 3611; x_wconf 80' lang='lat' dir='ltr'><strong>ierat.</strong></span> <span class='ocrx_word' id='word_1_610' title='bbox 517 3559 584 3610; x_wconf 81' lang='lat' dir='ltr'><strong>Saxa</strong></span> <span class='ocrx_word' id='word_1_611' title='bbox 601 3573 660 3627; x_wconf 77' lang='lat' dir='ltr'><strong>quae</strong></span> <span class='ocrx_word' id='word_1_612' title='bbox 679 3555 819 3608; x_wconf 87' lang='lat' dir='ltr'><strong>introitum</strong></span> <span class='ocrx_word' id='word_1_613' title='bbox 841 3556 879 3608; x_wconf 88' lang='lat' dir='ltr'><strong>sic</strong></span> <span class='ocrx_word' id='word_1_614' title='bbox 923 3559 1052 3622; x_wconf 72' lang='lat' dir='ltr'><strong>Chillll,</strong></span> <span class='ocrx_word' id='word_1_615' title='bbox 1065 3556 1355 3627; x_wconf 76' lang='lat' dir='ltr'><strong>7083Parthcn.c.32.</strong></span> <span class='ocrx_word' id='word_1_616' title='bbox 1368 3555 1488 3625; x_wconf 80' lang='grc' dir='ltr'><strong>ΙΙ-ιιολ</strong></span> <span class='ocrx_word' id='word_1_617' title='bbox 1503 3556 1714 3628; x_wconf 76' lang='lat' dir='ltr'><strong>lephrloetcris</strong></span> 
     </span>
     <span class='ocr_line' id='line_1_40' title="bbox 83 3633 1712 3710; baseline -0.001 -18"><span class='ocrx_word' id='word_1_618' title='bbox 83 3639 161 3709; x_wconf 79' lang='lat' dir='ltr'><strong>quasi</strong></span> <span class='ocrx_word' id='word_1_619' title='bbox 190 3635 362 3702; x_wconf 72' lang='lat' dir='ltr'><strong>claudebant,</strong></span> <span class='ocrx_word' id='word_1_620' title='bbox 386 3634 480 3690; x_wconf 80' lang='lat' dir='ltr'><strong>Cadmi</strong></span> <span class='ocrx_word' id='word_1_621' title='bbox 501 3645 528 3689; x_wconf 90' lang='lat' dir='ltr'><strong>ct</strong></span> <span class='ocrx_word' id='word_1_622' title='bbox 553 3635 704 3690; x_wconf 81' lang='lat' dir='ltr'><strong>Harmoniae</strong></span> <span class='ocrx_word' id='word_1_623' title='bbox 728 3633 799 3687; x_wconf 86' lang='lat' dir='ltr'><strong>dicta</strong></span> <span class='ocrx_word' id='word_1_624' title='bbox 823 3651 879 3686; x_wconf 83' lang='lat' dir='ltr'><strong>asse</strong></span> <span class='ocrx_word' id='word_1_625' title='bbox 922 3649 962 3692; x_wconf 72' lang='lat' dir='ltr'><strong>est</strong></span> <span class='ocrx_word' id='word_1_626' title='bbox 974 3639 1048 3710; x_wconf 73' lang='grc' dir='ltr'><strong>τάφος</strong></span> <span class='ocrx_word' id='word_1_627' title='bbox 1060 3635 1210 3708; x_wconf 72' lang='grc' dir='ltr'><strong>νεὶτὺμὸος.</strong></span> <span class='ocrx_word' id='word_1_628' title='bbox 1224 3638 1314 3702; x_wconf 83' lang='lat' dir='ltr'><strong>Quare</strong></span> <span class='ocrx_word' id='word_1_629' title='bbox 1327 3635 1368 3688; x_wconf 76' lang='lat' dir='ltr'><strong>ml</strong></span> <span class='ocrx_word' id='word_1_630' title='bbox 1377 3634 1447 3707; x_wconf 80' lang='grc' dir='ltr'><strong>ἠρίον</strong></span> <span class='ocrx_word' id='word_1_631' title='bbox 1458 3637 1537 3690; x_wconf 87' lang='lat' dir='ltr'><strong>scribi</strong></span> <span class='ocrx_word' id='word_1_632' title='bbox 1546 3637 1602 3690; x_wconf 86' lang='lat' dir='ltr'><strong>vult</strong></span> <span class='ocrx_word' id='word_1_633' title='bbox 1612 3640 1712 3708; x_wconf 82' lang='lat' dir='ltr'><strong>Unger.</strong></span> 
     </span>
     <span class='ocr_line' id='line_1_41' title="bbox 84 3713 1714 3789; baseline 0 -19"><span class='ocrx_word' id='word_1_634' title='bbox 84 3719 217 3789; x_wconf 87' lang='lat' dir='ltr'><strong>suspicor.</strong></span> <span class='ocrx_word' id='word_1_635' title='bbox 232 3716 410 3788; x_wconf 78' lang='lat' dir='ltr'><strong>’quorlpolsr</strong></span> <span class='ocrx_word' id='word_1_636' title='bbox 422 3715 563 3788; x_wconf 66' lang='grc' dir='ltr'><strong>ἐρηρέδαται</strong></span> <span class='ocrx_word' id='word_1_637' title='bbox 575 3714 619 3768; x_wconf 78' lang='lat' dir='ltr'><strong>bio</strong></span> <span class='ocrx_word' id='word_1_638' title='bbox 632 3714 725 3784; x_wconf 79' lang='lat' dir='ltr'><strong>reicpar,</strong></span> <span class='ocrx_word' id='word_1_639' title='bbox 737 3713 789 3766; x_wconf 66' lang='lat' dir='ltr'><strong>Ate</strong></span> <span class='ocrx_word' id='word_1_640' title='bbox 805 3713 879 3784; x_wconf 65' lang='grc' dir='ltr'><strong>ἄροιο</strong></span> <span class='ocrx_word' id='word_1_641' title='bbox 922 3719 1042 3772; x_wconf 59' lang='lat' dir='ltr'><strong>Theben.</strong></span> <span class='ocrx_word' id='word_1_642' title='bbox 1057 3714 1187 3771; x_wconf 74' lang='lat' dir='ltr'><strong>paradox.</strong></span> <span class='ocrx_word' id='word_1_643' title='bbox 1202 3731 1231 3786; x_wconf 88' lang='lat' dir='ltr'><strong>p.</strong></span> <span class='ocrx_word' id='word_1_644' title='bbox 1252 3715 1303 3780; x_wconf 81' lang='lat'><strong>51,</strong></span> <span class='ocrx_word' id='word_1_645' title='bbox 1317 3732 1401 3785; x_wconf 89' lang='lat' dir='ltr'><strong>quum</strong></span> <span class='ocrx_word' id='word_1_646' title='bbox 1415 3717 1510 3789; x_wconf 77' lang='lat' dir='ltr'><strong>sapius</strong></span> <span class='ocrx_word' id='word_1_647' title='bbox 1523 3714 1588 3787; x_wconf 75' lang='lat' dir='ltr'><strong>isphr</strong></span> <span class='ocrx_word' id='word_1_648' title='bbox 1605 3728 1630 3771; x_wconf 87' lang='lat' dir='ltr'><strong>et</strong></span> <span class='ocrx_word' id='word_1_649' title='bbox 1644 3715 1714 3789; x_wconf 79' lang='grc' dir='ltr'><strong>ἠρίον</strong></span> 
     </span>
     <span class='ocr_line' id='line_1_42' title="bbox 84 3790 1714 3867; baseline 0.001 -17"><span class='ocrx_word' id='word_1_650' title='bbox 84 3799 183 3850; x_wconf 75' lang='grc' dir='ltr'><strong>ουνίαοι</strong></span> <span class='ocrx_word' id='word_1_651' title='bbox 194 3797 347 3867; x_wconf 70' lang='grc' dir='ltr'><strong>δονεύμενοι,</strong></span> <span class='ocrx_word' id='word_1_652' title='bbox 361 3790 414 3849; x_wconf 69' lang='lat' dir='ltr'><strong>chri</strong></span> <span class='ocrx_word' id='word_1_653' title='bbox 424 3815 459 3858; x_wconf 83' lang='grc' dir='ltr'><strong>τις</strong></span> <span class='ocrx_word' id='word_1_654' title='bbox 467 3793 532 3866; x_wconf 71' lang='grc' dir='ltr'><strong>ἀρχὴ</strong></span> <span class='ocrx_word' id='word_1_655' title='bbox 540 3794 668 3848; x_wconf 74' lang='grc' dir='ltr'><strong>Γίνεται...</strong></span> <span class='ocrx_word' id='word_1_656' title='bbox 681 3794 778 3846; x_wconf 77' lang='grc' dir='ltr'><strong>κακοῖο.</strong></span> <span class='ocrx_word' id='word_1_657' title='bbox 789 3791 879 3846; x_wconf 87' lang='lat' dir='ltr'><strong>Verba</strong></span> <span class='ocrx_word' id='word_1_658' title='bbox 923 3797 1033 3851; x_wconf 77' lang='lat' dir='ltr'><strong>confusa</strong></span> <span class='ocrx_word' id='word_1_659' title='bbox 1051 3797 1113 3849; x_wconf 88' lang='lat' dir='ltr'><strong>sint.</strong></span> <span class='ocrx_word' id='word_1_660' title='bbox 1126 3794 1178 3848; x_wconf 89' lang='lat' dir='ltr'><strong>Sed</strong></span> <span class='ocrx_word' id='word_1_661' title='bbox 1191 3813 1241 3847; x_wconf 83' lang='lat' dir='ltr'><strong>vox</strong></span> <span class='ocrx_word' id='word_1_662' title='bbox 1253 3795 1354 3864; x_wconf 83' lang='lat' dir='ltr'><strong>poetica</strong></span> <span class='ocrx_word' id='word_1_663' title='bbox 1373 3795 1400 3847; x_wconf 91' lang='lat' dir='ltr'><strong>in</strong></span> <span class='ocrx_word' id='word_1_664' title='bbox 1412 3795 1544 3866; x_wconf 88' lang='lat' dir='ltr'><strong>Scylacem</strong></span> <span class='ocrx_word' id='word_1_665' title='bbox 1562 3814 1617 3850; x_wconf 89' lang='lat' dir='ltr'><strong>non</strong></span> <span class='ocrx_word' id='word_1_666' title='bbox 1629 3797 1714 3864; x_wconf 87' lang='lat' dir='ltr'><strong>cadit;</strong></span> 
     </span>
     <span class='ocr_line' id='line_1_43' title="bbox 84 3871 1367 3949; baseline -0.005 -18"><span class='ocrx_word' id='word_1_667' title='bbox 84 3889 149 3931; x_wconf 83' lang='lat' dir='ltr'><strong>sunt</strong></span> <span class='ocrx_word' id='word_1_668' title='bbox 163 3878 284 3949; x_wconf 78' lang='lat' dir='ltr'><strong>Dionysii</strong></span> <span class='ocrx_word' id='word_1_669' title='bbox 301 3877 364 3946; x_wconf 72' lang='lat'><strong>395,</strong></span> <span class='ocrx_word' id='word_1_670' title='bbox 377 3893 529 3948; x_wconf 88' lang='lat' dir='ltr'><strong>quanquam</strong></span> <span class='ocrx_word' id='word_1_671' title='bbox 541 3877 659 3946; x_wconf 88' lang='lat' dir='ltr'><strong>ispetras</strong></span> <span class='ocrx_word' id='word_1_672' title='bbox 670 3873 746 3926; x_wconf 82' lang='lat' dir='ltr'><strong>sicuti</strong></span> <span class='ocrx_word' id='word_1_673' title='bbox 760 3871 804 3925; x_wconf 76' lang='grc' dir='ltr'><strong>τον</strong></span> <span class='ocrx_word' id='word_1_674' title='bbox 816 3873 878 3944; x_wconf 74' lang='lat' dir='ltr'><strong>nip-</strong></span> <span class='ocrx_word' id='word_1_675' title='bbox 923 3896 954 3931; x_wconf 82' lang='lat' dir='ltr'><strong>ac</strong></span> <span class='ocrx_word' id='word_1_676' title='bbox 967 3876 1032 3946; x_wconf 76' lang='lat' dir='ltr'><strong>isphr</strong></span> <span class='ocrx_word' id='word_1_677' title='bbox 1053 3874 1209 3928; x_wconf 84' lang='lat' dir='ltr'><strong>vocabulum</strong></span> <span class='ocrx_word' id='word_1_678' title='bbox 1224 3872 1274 3925; x_wconf 84' lang='lat' dir='ltr'><strong>late</strong></span> <span class='ocrx_word' id='word_1_679' title='bbox 1287 3881 1367 3944; x_wconf 86' lang='lat' dir='ltr'><strong>patet.</strong></span> 
     </span>
    </p>

    <p class='ocr_par' dir='ltr' id='par_1_6' title="bbox 84 3937 1719 5297">
     <span class='ocr_line' id='line_1_44' title="bbox 84 3937 1715 4030; baseline -0.002 -20"><span class='ocrx_word' id='word_1_680' title='bbox 84 3959 130 4010; x_wconf 81' lang='lat' dir='ltr'><strong>tica</strong></span> <span class='ocrx_word' id='word_1_681' title='bbox 147 3957 188 4030; x_wconf 92' lang='lat' dir='ltr'><strong>(i.</strong></span> <span class='ocrx_word' id='word_1_682' title='bbox 204 3974 232 4028; x_wconf 89' lang='lat' dir='ltr'><strong>q.</strong></span> <span class='ocrx_word' id='word_1_683' title='bbox 247 3967 340 4010; x_wconf 88' lang='lat' dir='ltr'><strong>nostro</strong></span> <span class='ocrx_word' id='word_1_684' title='bbox 357 3955 416 4010; x_wconf 89' lang='lat' dir='ltr'><strong>loco</strong></span> <span class='ocrx_word' id='word_1_685' title='bbox 427 3955 513 4028; x_wconf 66' lang='grc' dir='ltr'><strong>ἱερὸν)</strong></span> <span class='ocrx_word' id='word_1_686' title='bbox 528 3953 621 4008; x_wconf 89' lang='lat' dir='ltr'><strong>Cadmi</strong></span> <span class='ocrx_word' id='word_1_687' title='bbox 639 3964 665 4008; x_wconf 89' lang='lat' dir='ltr'><strong>et</strong></span> <span class='ocrx_word' id='word_1_688' title='bbox 676 3953 829 4007; x_wconf 71' lang='lat' dir='ltr'><strong>Harmoniae</strong></span> <span class='ocrx_word' id='word_1_689' title='bbox 844 3951 879 4006; x_wconf 88' lang='lat' dir='ltr'><strong>ad</strong></span> <span class='ocrx_word' id='word_1_690' title='bbox 959 3959 975 4026; x_wconf 79' lang='grc' dir='ltr'><strong>ς</strong></span> <span class='ocrx_word' id='word_1_691' title='bbox 995 3957 1039 4008; x_wconf 82' lang='lat'><strong>25.</strong></span> <span class='ocrx_word' id='word_1_692' title='bbox 1064 3953 1246 4025; x_wconf 71' lang='grc' dir='ltr'><strong>Ἐγχελεῖς]</strong></span> <span class='ocrx_word' id='word_1_693' title='bbox 1257 3950 1408 4005; x_wconf 56' lang='lat' dir='ltr'><strong>Quadam</strong></span> <span class='ocrx_word' id='word_1_694' title='bbox 1430 3937 1561 4024; x_wconf 75' lang='lat' dir='ltr'><strong>Scyltieem</strong></span> <span class='ocrx_word' id='word_1_695' title='bbox 1582 3953 1606 4006; x_wconf 87' lang='lat' dir='ltr'><strong>cl</strong></span> <span class='ocrx_word' id='word_1_696' title='bbox 1623 3953 1715 4026; x_wconf 62' lang='lat' dir='ltr'><strong>&#39;Eryc-</strong></span> 
     </span>
     <span class='ocr_line' id='line_1_45' title="bbox 85 4029 1716 4109; baseline -0.003 -19"><span class='ocrx_word' id='word_1_697' title='bbox 85 4039 175 4090; x_wconf 90' lang='lat' dir='ltr'><strong>sinum</strong></span> <span class='ocrx_word' id='word_1_698' title='bbox 195 4055 279 4109; x_wconf 87' lang='lat' dir='ltr'><strong>prope</strong></span> <span class='ocrx_word' id='word_1_699' title='bbox 293 4046 394 4090; x_wconf 87' lang='lat' dir='ltr'><strong>montes</strong></span> <span class='ocrx_word' id='word_1_700' title='bbox 407 4035 553 4090; x_wconf 76' lang='lat' dir='ltr'><strong>Ceraunios</strong></span> <span class='ocrx_word' id='word_1_701' title='bbox 571 4031 689 4086; x_wconf 88' lang='lat' dir='ltr'><strong>collocat.</strong></span> <span class='ocrx_word' id='word_1_702' title='bbox 708 4033 829 4085; x_wconf 77' lang='lat' dir='ltr'><strong>Fstrero</strong></span> <span class='ocrx_word' id='word_1_703' title='bbox 842 4031 879 4085; x_wconf 86' lang='lat' dir='ltr'><strong>ibi</strong></span> <span class='ocrx_word' id='word_1_704' title='bbox 923 4035 977 4096; x_wconf 82' lang='grc' dir='ltr'><strong>λεῖς</strong></span> <span class='ocrx_word' id='word_1_705' title='bbox 1001 4036 1056 4085; x_wconf 87' lang='lat' dir='ltr'><strong>sive</strong></span> <span class='ocrx_word' id='word_1_706' title='bbox 1082 4031 1216 4103; x_wconf 77' lang='grc' dir='ltr'><strong>Ἐγχιλέαι</strong></span> <span class='ocrx_word' id='word_1_707' title='bbox 1238 4032 1294 4083; x_wconf 86' lang='lat' dir='ltr'><strong>slve</strong></span> <span class='ocrx_word' id='word_1_708' title='bbox 1319 4029 1462 4102; x_wconf 60' lang='grc' dir='ltr'><strong>Ἐγρέλειοι</strong></span> <span class='ocrx_word' id='word_1_709' title='bbox 1481 4033 1536 4086; x_wconf 81' lang='lat' dir='ltr'><strong>sire</strong></span> <span class='ocrx_word' id='word_1_710' title='bbox 1563 4031 1716 4104; x_wconf 79' lang='grc' dir='ltr'><strong>Ἐγχελᾶνες</strong></span> 
     </span>
     <span class='ocr_line' id='line_1_46' title="bbox 85 4107 1715 4187; baseline -0.002 -18"><span class='ocrx_word' id='word_1_711' title='bbox 85 4135 195 4187; x_wconf 90' lang='lat' dir='ltr'><strong>quoque</strong></span> <span class='ocrx_word' id='word_1_712' title='bbox 208 4117 282 4168; x_wconf 88' lang='lat' dir='ltr'><strong>sinus</strong></span> <span class='ocrx_word' id='word_1_713' title='bbox 298 4115 338 4170; x_wconf 81' lang='lat' dir='ltr'><strong>vel</strong></span> <span class='ocrx_word' id='word_1_714' title='bbox 352 4116 422 4170; x_wconf 86' lang='lat' dir='ltr'><strong>lacus</strong></span> <span class='ocrx_word' id='word_1_715' title='bbox 435 4124 527 4168; x_wconf 80' lang='lat' dir='ltr'><strong>uostm</strong></span> <span class='ocrx_word' id='word_1_716' title='bbox 547 4111 704 4176; x_wconf 88' lang='lat' dir='ltr'><strong>simillimus,</strong></span> <span class='ocrx_word' id='word_1_717' title='bbox 722 4107 764 4165; x_wconf 82' lang='lat' dir='ltr'><strong>ille</strong></span> <span class='ocrx_word' id='word_1_718' title='bbox 781 4112 892 4164; x_wconf 39' lang='lat' dir='ltr'><strong>scilicet.</strong></span> <span class='ocrx_word' id='word_1_719' title='bbox 925 4116 974 4187; x_wconf 80' lang='lat' dir='ltr'><strong>(r.</strong></span> <span class='ocrx_word' id='word_1_720' title='bbox 997 4113 1122 4184; x_wconf 84' lang='lat' dir='ltr'><strong>stephan.</strong></span> <span class='ocrx_word' id='word_1_721' title='bbox 1142 4110 1223 4165; x_wconf 86' lang='lat' dir='ltr'><strong>Thes.</strong></span> <span class='ocrx_word' id='word_1_722' title='bbox 1247 4129 1270 4163; x_wconf 89' lang='lat' dir='ltr'><strong>s.</strong></span> <span class='ocrx_word' id='word_1_723' title='bbox 1292 4110 1339 4183; x_wconf 88' lang='grc' dir='ltr'><strong>ν.)</strong></span> <span class='ocrx_word' id='word_1_724' title='bbox 1360 4109 1437 4180; x_wconf 82' lang='lat' dir='ltr'><strong>juxta</strong></span> <span class='ocrx_word' id='word_1_725' title='bbox 1459 4129 1533 4164; x_wconf 88' lang='lat' dir='ltr'><strong>oram</strong></span> <span class='ocrx_word' id='word_1_726' title='bbox 1557 4113 1715 4184; x_wconf 84' lang='lat' dir='ltr'><strong>pertinuisse</strong></span> 
     </span>
     <span class='ocr_line' id='line_1_47' title="bbox 86 4189 1713 4266; baseline -0.002 -18"><span class='ocrx_word' id='word_1_727' title='bbox 86 4198 133 4266; x_wconf 83' lang='lat' dir='ltr'><strong>qui</strong></span> <span class='ocrx_word' id='word_1_728' title='bbox 147 4195 217 4248; x_wconf 83' lang='lat' dir='ltr'><strong>inira</strong></span> <span class='ocrx_word' id='word_1_729' title='bbox 231 4200 319 4249; x_wconf 81' lang='lat' dir='ltr'><strong>Aoum</strong></span> <span class='ocrx_word' id='word_1_730' title='bbox 336 4194 447 4248; x_wconf 82' lang='lat' dir='ltr'><strong>fluvium</strong></span> <span class='ocrx_word' id='word_1_731' title='bbox 463 4195 533 4247; x_wconf 87' lang='lat' dir='ltr'><strong>inter</strong></span> <span class='ocrx_word' id='word_1_732' title='bbox 549 4192 714 4264; x_wconf 79' lang='lat' dir='ltr'><strong>Apolloniam</strong></span> <span class='ocrx_word' id='word_1_733' title='bbox 729 4201 755 4244; x_wconf 86' lang='lat' dir='ltr'><strong>ct</strong></span> <span class='ocrx_word' id='word_1_734' title='bbox 768 4192 878 4244; x_wconf 89' lang='lat' dir='ltr'><strong>Oricum</strong></span> <span class='ocrx_word' id='word_1_735' title='bbox 923 4194 1141 4261; x_wconf 78' lang='lat' dir='ltr'><strong>videnturusque</strong></span> <span class='ocrx_word' id='word_1_736' title='bbox 1154 4189 1188 4242; x_wconf 85' lang='lat' dir='ltr'><strong>ad</strong></span> <span class='ocrx_word' id='word_1_737' title='bbox 1200 4189 1337 4242; x_wconf 88' lang='lat' dir='ltr'><strong>Drilonem</strong></span> <span class='ocrx_word' id='word_1_738' title='bbox 1355 4190 1383 4242; x_wconf 84' lang='lat' dir='ltr'><strong>ss.</strong></span> <span class='ocrx_word' id='word_1_739' title='bbox 1397 4189 1437 4242; x_wconf 87' lang='lat' dir='ltr'><strong>vel</strong></span> <span class='ocrx_word' id='word_1_740' title='bbox 1454 4189 1542 4261; x_wconf 89' lang='lat' dir='ltr'><strong>paullo</strong></span> <span class='ocrx_word' id='word_1_741' title='bbox 1555 4191 1635 4256; x_wconf 84' lang='lat' dir='ltr'><strong>ultra;</strong></span> <span class='ocrx_word' id='word_1_742' title='bbox 1651 4210 1713 4245; x_wconf 82' lang='lat' dir='ltr'><strong>nam</strong></span> 
     </span>
     <span class='ocr_line' id='line_1_48' title="bbox 87 4268 1712 4345; baseline -0.001 -19"><span class='ocrx_word' id='word_1_743' title='bbox 87 4276 153 4327; x_wconf 87' lang='lat' dir='ltr'><strong>situs</strong></span> <span class='ocrx_word' id='word_1_744' title='bbox 170 4275 355 4343; x_wconf 77' lang='lat' dir='ltr'><strong>angustissimo</strong></span> <span class='ocrx_word' id='word_1_745' title='bbox 366 4275 445 4339; x_wconf 85' lang='lat' dir='ltr'><strong>ostiu,</strong></span> <span class='ocrx_word' id='word_1_746' title='bbox 463 4274 507 4327; x_wconf 89' lang='lat' dir='ltr'><strong>cui</strong></span> <span class='ocrx_word' id='word_1_747' title='bbox 517 4271 606 4326; x_wconf 83' lang='lat' dir='ltr'><strong>Aulon</strong></span> <span class='ocrx_word' id='word_1_748' title='bbox 615 4271 678 4325; x_wconf 86' lang='lat' dir='ltr'><strong>urbs</strong></span> <span class='ocrx_word' id='word_1_749' title='bbox 691 4269 802 4341; x_wconf 86' lang='lat' dir='ltr'><strong>adjacet,</strong></span> <span class='ocrx_word' id='word_1_750' title='bbox 817 4287 878 4324; x_wconf 89' lang='lat' dir='ltr'><strong>cum</strong></span> <span class='ocrx_word' id='word_1_751' title='bbox 923 4271 1087 4345; x_wconf 80' lang='lat' dir='ltr'><strong>Epidamnus</strong></span> <span class='ocrx_word' id='word_1_752' title='bbox 1088 4268 1145 4340; x_wconf 87' lang='lat' dir='ltr'><strong>jam</strong></span> <span class='ocrx_word' id='word_1_753' title='bbox 1153 4270 1202 4321; x_wconf 86' lang='lat' dir='ltr'><strong>sita</strong></span> <span class='ocrx_word' id='word_1_754' title='bbox 1209 4278 1249 4321; x_wconf 80' lang='lat' dir='ltr'><strong>ast</strong></span> <span class='ocrx_word' id='word_1_755' title='bbox 1255 4269 1282 4320; x_wconf 90' lang='lat' dir='ltr'><strong>in</strong></span> <span class='ocrx_word' id='word_1_756' title='bbox 1294 4269 1401 4338; x_wconf 74' lang='lat' dir='ltr'><strong>regione</strong></span> <span class='ocrx_word' id='word_1_757' title='bbox 1406 4269 1605 4322; x_wconf 88' lang='lat' dir='ltr'><strong>Taulantiorum</strong></span> <span class='ocrx_word' id='word_1_758' title='bbox 1618 4271 1644 4341; x_wconf 74' lang='lat'><strong>(5</strong></span> <span class='ocrx_word' id='word_1_759' title='bbox 1653 4272 1712 4345; x_wconf 78' lang='lat'><strong>26).</strong></span> 
     </span>
     <span class='ocr_line' id='line_1_49' title="bbox 88 4346 1713 4424; baseline -0.001 -18"><span class='ocrx_word' id='word_1_760' title='bbox 88 4355 155 4406; x_wconf 90' lang='lat' dir='ltr'><strong>mari</strong></span> <span class='ocrx_word' id='word_1_761' title='bbox 165 4353 289 4406; x_wconf 68' lang='lat' dir='ltr'><strong>cohmet.</strong></span> <span class='ocrx_word' id='word_1_762' title='bbox 305 4351 460 4424; x_wconf 77' lang='lat' dir='ltr'><strong>Apollonius</strong></span> <span class='ocrx_word' id='word_1_763' title='bbox 469 4350 600 4416; x_wconf 82' lang='lat' dir='ltr'><strong>Rhodius,</strong></span> <span class='ocrx_word' id='word_1_764' title='bbox 615 4351 702 4421; x_wconf 91' lang='lat' dir='ltr'><strong>quiin</strong></span> <span class='ocrx_word' id='word_1_765' title='bbox 716 4350 804 4402; x_wconf 87' lang='lat' dir='ltr'><strong>multis</strong></span> <span class='ocrx_word' id='word_1_766' title='bbox 817 4369 879 4403; x_wconf 91' lang='lat' dir='ltr'><strong>curn</strong></span> <span class='ocrx_word' id='word_1_767' title='bbox 923 4354 990 4406; x_wconf 89' lang='lat' dir='ltr'><strong>Cum</strong></span> <span class='ocrx_word' id='word_1_768' title='bbox 996 4350 1100 4422; x_wconf 84' lang='lat' dir='ltr'><strong>Scylace</strong></span> <span class='ocrx_word' id='word_1_769' title='bbox 1107 4348 1206 4402; x_wconf 88' lang='lat' dir='ltr'><strong>iaciunt</strong></span> <span class='ocrx_word' id='word_1_770' title='bbox 1212 4348 1373 4418; x_wconf 88' lang='lat' dir='ltr'><strong>quicumque</strong></span> <span class='ocrx_word' id='word_1_771' title='bbox 1382 4347 1512 4400; x_wconf 88' lang='lat' dir='ltr'><strong>Buthoam</strong></span> <span class='ocrx_word' id='word_1_772' title='bbox 1520 4346 1560 4400; x_wconf 88' lang='lat' dir='ltr'><strong>vel</strong></span> <span class='ocrx_word' id='word_1_773' title='bbox 1568 4349 1713 4404; x_wconf 72' lang='lat' dir='ltr'><strong>Rhizoncm</strong></span> 
     </span>
     <span class='ocr_line' id='line_1_50' title="bbox 86 4424 1715 4504; baseline -0.003 -18"><span class='ocrx_word' id='word_1_774' title='bbox 86 4432 195 4502; x_wconf 80' lang='lat' dir='ltr'><strong>Scylace</strong></span> <span class='ocrx_word' id='word_1_775' title='bbox 205 4443 296 4485; x_wconf 80' lang='lat' dir='ltr'><strong>nostro</strong></span> <span class='ocrx_word' id='word_1_776' title='bbox 307 4433 447 4497; x_wconf 87' lang='lat' dir='ltr'><strong>consentit,</strong></span> <span class='ocrx_word' id='word_1_777' title='bbox 459 4431 631 4504; x_wconf 85' lang='lat' dir='ltr'><strong>probabiliter</strong></span> <span class='ocrx_word' id='word_1_778' title='bbox 639 4429 673 4483; x_wconf 94' lang='lat' dir='ltr'><strong>de</strong></span> <span class='ocrx_word' id='word_1_779' title='bbox 682 4429 799 4482; x_wconf 78' lang='lat' dir='ltr'><strong>Rhizous</strong></span> <span class='ocrx_word' id='word_1_780' title='bbox 808 4431 880 4498; x_wconf 80' lang='lat' dir='ltr'><strong>eogi-</strong></span> <span class='ocrx_word' id='word_1_781' title='bbox 924 4431 964 4483; x_wconf 85' lang='lat' dir='ltr'><strong>vel</strong></span> <span class='ocrx_word' id='word_1_782' title='bbox 975 4430 1111 4482; x_wconf 87' lang='lat' dir='ltr'><strong>Drilonem</strong></span> <span class='ocrx_word' id='word_1_783' title='bbox 1123 4428 1150 4479; x_wconf 91' lang='lat' dir='ltr'><strong>in</strong></span> <span class='ocrx_word' id='word_1_784' title='bbox 1163 4424 1255 4480; x_wconf 79' lang='lat' dir='ltr'><strong>(&#39;aclrni</strong></span> <span class='ocrx_word' id='word_1_785' title='bbox 1266 4425 1376 4479; x_wconf 86' lang='lat' dir='ltr'><strong>historia</strong></span> <span class='ocrx_word' id='word_1_786' title='bbox 1385 4437 1603 4492; x_wconf 88' lang='lat' dir='ltr'><strong>commemorant,</strong></span> <span class='ocrx_word' id='word_1_787' title='bbox 1616 4431 1715 4501; x_wconf 87' lang='lat' dir='ltr'><strong>quippe</strong></span> 
     </span>
     <span class='ocr_line' id='line_1_51' title="bbox 88 4503 1715 4584; baseline -0.002 -20"><span class='ocrx_word' id='word_1_788' title='bbox 88 4513 137 4564; x_wconf 85' lang='lat' dir='ltr'><strong>tari</strong></span> <span class='ocrx_word' id='word_1_789' title='bbox 149 4511 233 4564; x_wconf 80' lang='lat' dir='ltr'><strong>volrrit</strong></span> <span class='ocrx_word' id='word_1_790' title='bbox 243 4509 290 4563; x_wconf 89' lang='lat' dir='ltr'><strong>ubi</strong></span> <span class='ocrx_word' id='word_1_791' title='bbox 302 4509 367 4564; x_wconf 88' lang='lat' dir='ltr'><strong>dicit</strong></span> <span class='ocrx_word' id='word_1_792' title='bbox 376 4509 385 4583; x_wconf 96' lang='lat'>(</span> <span class='ocrx_word' id='word_1_793' title='bbox 393 4513 443 4576; x_wconf 88' lang='lat' dir='ltr'><strong>IV,</strong></span> <span class='ocrx_word' id='word_1_794' title='bbox 455 4511 525 4584; x_wconf 83' lang='lat'>516)</span> <span class='ocrx_word' id='word_1_795' title='bbox 539 4528 546 4564; x_wconf 91' lang='lat'>:</span> <span class='ocrx_word' id='word_1_796' title='bbox 559 4510 590 4563; x_wconf 82' lang='grc' dir='ltr'><strong>Οἱ</strong></span> <span class='ocrx_word' id='word_1_797' title='bbox 599 4509 622 4562; x_wconf 82' lang='grc' dir='ltr'><strong>δ’</strong></span> <span class='ocrx_word' id='word_1_798' title='bbox 632 4507 670 4580; x_wconf 67' lang='grc' dir='ltr'><strong>ἄρ’</strong></span> <span class='ocrx_word' id='word_1_799' title='bbox 680 4508 717 4562; x_wconf 77' lang='grc' dir='ltr'><strong>ἐπ’</strong></span> <span class='ocrx_word' id='word_1_800' title='bbox 730 4507 880 4579; x_wconf 77' lang='grc' dir='ltr'><strong>Ἰλλυρικοῖο</strong></span> <span class='ocrx_word' id='word_1_801' title='bbox 925 4525 985 4579; x_wconf 81' lang='lat' dir='ltr'><strong>quae</strong></span> <span class='ocrx_word' id='word_1_802' title='bbox 993 4526 1054 4560; x_wconf 89' lang='lat' dir='ltr'><strong>curn</strong></span> <span class='ocrx_word' id='word_1_803' title='bbox 1068 4504 1284 4559; x_wconf 82' lang='lat' dir='ltr'><strong>Encheleisarcte</strong></span> <span class='ocrx_word' id='word_1_804' title='bbox 1293 4503 1434 4575; x_wconf 87' lang='lat' dir='ltr'><strong>conjuncta</strong></span> <span class='ocrx_word' id='word_1_805' title='bbox 1443 4515 1491 4557; x_wconf 77' lang='lat' dir='ltr'><strong>ast.</strong></span> <span class='ocrx_word' id='word_1_806' title='bbox 1505 4507 1640 4560; x_wconf 72' lang='lat' dir='ltr'><strong>Hecataeus</strong></span> <span class='ocrx_word' id='word_1_807' title='bbox 1650 4525 1715 4560; x_wconf 87' lang='lat' dir='ltr'><strong>vero</strong></span> 
     </span>
     <span class='ocr_line' id='line_1_52' title="bbox 90 4583 1712 4662; baseline -0.004 -17"><span class='ocrx_word' id='word_1_808' title='bbox 90 4590 264 4662; x_wconf 69' lang='grc' dir='ltr'><strong>μελαμᾶαθέος</strong></span> <span class='ocrx_word' id='word_1_809' title='bbox 272 4591 408 4660; x_wconf 80' lang='grc' dir='ltr'><strong>ποταμοῖο,</strong></span> <span class='ocrx_word' id='word_1_810' title='bbox 419 4590 561 4662; x_wconf 76' lang='grc' dir='ltr'><strong>Τιἰμὸοςῖν’</strong></span> <span class='ocrx_word' id='word_1_811' title='bbox 574 4589 701 4661; x_wconf 57' lang='lat' dir='ltr'><strong>‘repostae</strong></span> <span class='ocrx_word' id='word_1_812' title='bbox 715 4588 825 4659; x_wconf 78' lang='grc' dir='ltr'><strong>Κάδμοιό</strong></span> <span class='ocrx_word' id='word_1_813' title='bbox 841 4607 878 4656; x_wconf 86' lang='grc' dir='ltr'><strong>τι,</strong></span> <span class='ocrx_word' id='word_1_814' title='bbox 926 4597 954 4640; x_wconf 87' lang='lat' dir='ltr'><strong>et</strong></span> <span class='ocrx_word' id='word_1_815' title='bbox 975 4586 1069 4640; x_wconf 86' lang='lat' dir='ltr'><strong>Strabo</strong></span> <span class='ocrx_word' id='word_1_816' title='bbox 1086 4596 1113 4638; x_wconf 90' lang='lat' dir='ltr'><strong>et</strong></span> <span class='ocrx_word' id='word_1_817' title='bbox 1132 4587 1261 4658; x_wconf 82' lang='lat' dir='ltr'><strong>scymnus</strong></span> <span class='ocrx_word' id='word_1_818' title='bbox 1274 4584 1366 4648; x_wconf 87' lang='lat' dir='ltr'><strong>Chius,</strong></span> <span class='ocrx_word' id='word_1_819' title='bbox 1388 4583 1442 4650; x_wconf 90' lang='lat' dir='ltr'><strong>alii,</strong></span> <span class='ocrx_word' id='word_1_820' title='bbox 1462 4584 1656 4638; x_wconf 86' lang='lat' dir='ltr'><strong>Encheleorum</strong></span> <span class='ocrx_word' id='word_1_821' title='bbox 1671 4605 1712 4639; x_wconf 79' lang='lat' dir='ltr'><strong>re·</strong></span> 
     </span>
     <span class='ocr_line' id='line_1_53' title="bbox 89 4661 1717 4742; baseline -0.005 -17"><span class='ocrx_word' id='word_1_822' title='bbox 89 4672 184 4742; x_wconf 75' lang='lat' dir='ltr'><strong>rripyor</strong></span> <span class='ocrx_word' id='word_1_823' title='bbox 210 4670 321 4742; x_wconf 78' lang='grc' dir='ltr'><strong>ἔδειμαν,</strong></span> <span class='ocrx_word' id='word_1_824' title='bbox 349 4668 524 4742; x_wconf 66' lang='grc' dir='ltr'><strong>Ἐγχελέεσσιν</strong></span> <span class='ocrx_word' id='word_1_825' title='bbox 554 4670 667 4742; x_wconf 54' lang='lat' dir='ltr'><strong>Metron</strong></span> <span class='ocrx_word' id='word_1_826' title='bbox 693 4668 744 4724; x_wconf 76' lang='lat' dir='ltr'><strong>Alii</strong></span> <span class='ocrx_word' id='word_1_827' title='bbox 766 4668 882 4740; x_wconf 87' lang='lat' dir='ltr'><strong>denique</strong></span> <span class='ocrx_word' id='word_1_828' title='bbox 927 4662 1450 4735; x_wconf 77' lang='lat' dir='ltr'><strong>gionemameridicTaulantionumsivc</strong></span> <span class='ocrx_word' id='word_1_829' title='bbox 1461 4661 1494 4715; x_wconf 92' lang='lat' dir='ltr'><strong>ab</strong></span> <span class='ocrx_word' id='word_1_830' title='bbox 1504 4668 1563 4717; x_wconf 84' lang='grc' dir='ltr'><strong>Λοο</strong></span> <span class='ocrx_word' id='word_1_831' title='bbox 1572 4662 1627 4716; x_wconf 87' lang='lat' dir='ltr'><strong>iere</strong></span> <span class='ocrx_word' id='word_1_832' title='bbox 1636 4665 1717 4718; x_wconf 85' lang='lat' dir='ltr'><strong>ssuvio</strong></span> 
     </span>
     <span class='ocr_line' id='line_1_54' title="bbox 89 4741 1717 4822; baseline -0.005 -18"><span class='ocrx_word' id='word_1_833' title='bbox 89 4749 185 4804; x_wconf 84' lang='lat' dir='ltr'><strong>Cadmi</strong></span> <span class='ocrx_word' id='word_1_834' title='bbox 196 4761 366 4805; x_wconf 87' lang='lat' dir='ltr'><strong>monumenta</strong></span> <span class='ocrx_word' id='word_1_835' title='bbox 377 4751 411 4806; x_wconf 90' lang='lat' dir='ltr'><strong>ad</strong></span> <span class='ocrx_word' id='word_1_836' title='bbox 422 4750 599 4806; x_wconf 87' lang='lat' dir='ltr'><strong>Drilonern&#39;ll.</strong></span> <span class='ocrx_word' id='word_1_837' title='bbox 609 4748 752 4822; x_wconf 86' lang='lat' dir='ltr'><strong>ponebant,</strong></span> <span class='ocrx_word' id='word_1_838' title='bbox 765 4759 794 4800; x_wconf 90' lang='lat' dir='ltr'><strong>ut</strong></span> <span class='ocrx_word' id='word_1_839' title='bbox 802 4745 883 4800; x_wconf 84' lang='lat' dir='ltr'><strong>relert</strong></span> <span class='ocrx_word' id='word_1_840' title='bbox 927 4745 961 4800; x_wconf 86' lang='lat' dir='ltr'><strong>nd</strong></span> <span class='ocrx_word' id='word_1_841' title='bbox 970 4755 1161 4814; x_wconf 73' lang='lat' dir='ltr'><strong>montasusque</strong></span> <span class='ocrx_word' id='word_1_842' title='bbox 1168 4743 1311 4796; x_wconf 67' lang='lat' dir='ltr'><strong>&amp;munies</strong></span> <span class='ocrx_word' id='word_1_843' title='bbox 1320 4753 1345 4794; x_wconf 88' lang='lat' dir='ltr'><strong>et</strong></span> <span class='ocrx_word' id='word_1_844' title='bbox 1353 4741 1509 4806; x_wconf 84' lang='lat' dir='ltr'><strong>Chaoniam,</strong></span> <span class='ocrx_word' id='word_1_845' title='bbox 1520 4753 1546 4795; x_wconf 86' lang='lat' dir='ltr'><strong>et</strong></span> <span class='ocrx_word' id='word_1_846' title='bbox 1555 4743 1581 4796; x_wconf 91' lang='lat' dir='ltr'><strong>in</strong></span> <span class='ocrx_word' id='word_1_847' title='bbox 1592 4743 1717 4797; x_wconf 85' lang='lat' dir='ltr'><strong>mediter·</strong></span> 
     </span>
     <span class='ocr_line' id='line_1_55' title="bbox 90 4819 1717 4904; baseline -0.004 -22"><span class='ocrx_word' id='word_1_848' title='bbox 90 4830 279 4884; x_wconf 79' lang='lat' dir='ltr'><strong>Eratosthenes</strong></span> <span class='ocrx_word' id='word_1_849' title='bbox 290 4829 349 4904; x_wconf 50' lang='grc' dir='ltr'><strong>(ξιιμ.</strong></span> <span class='ocrx_word' id='word_1_850' title='bbox 362 4830 487 4904; x_wconf 88' lang='lat' dir='ltr'><strong>Stephan.</strong></span> <span class='ocrx_word' id='word_1_851' title='bbox 499 4831 561 4901; x_wconf 86' lang='lat' dir='ltr'><strong>Bya.</strong></span> <span class='ocrx_word' id='word_1_852' title='bbox 574 4847 600 4882; x_wconf 86' lang='lat' dir='ltr'><strong>r.</strong></span> <span class='ocrx_word' id='word_1_853' title='bbox 613 4827 750 4898; x_wconf 63' lang='grc' dir='ltr'><strong>Δυρράχιον</strong></span> <span class='ocrx_word' id='word_1_854' title='bbox 760 4825 769 4897; x_wconf 90' lang='grc'>)</span> <span class='ocrx_word' id='word_1_855' title='bbox 781 4842 788 4878; x_wconf 90' lang='lat'>:</span> <span class='ocrx_word' id='word_1_856' title='bbox 801 4825 882 4878; x_wconf 82' lang='grc' dir='ltr'><strong>Ποτα-</strong></span> <span class='ocrx_word' id='word_1_857' title='bbox 926 4828 1102 4897; x_wconf 80' lang='lat' dir='ltr'><strong>mocispuope</strong></span> <span class='ocrx_word' id='word_1_858' title='bbox 1111 4823 1278 4894; x_wconf 82' lang='lat' dir='ltr'><strong>Lychnidum</strong></span> <span class='ocrx_word' id='word_1_859' title='bbox 1286 4820 1382 4884; x_wconf 84' lang='lat' dir='ltr'><strong>lacum,</strong></span> <span class='ocrx_word' id='word_1_860' title='bbox 1393 4819 1473 4874; x_wconf 83' lang='lat' dir='ltr'><strong>luisse</strong></span> <span class='ocrx_word' id='word_1_861' title='bbox 1481 4821 1639 4876; x_wconf 88' lang='lat' dir='ltr'><strong>statuebant.</strong></span> <span class='ocrx_word' id='word_1_862' title='bbox 1649 4824 1717 4876; x_wconf 87' lang='lat' dir='ltr'><strong>Nam</strong></span> 
     </span>
     <span class='ocr_line' id='line_1_56' title="bbox 92 4899 1719 4981; baseline -0.004 -20"><span class='ocrx_word' id='word_1_863' title='bbox 92 4909 138 4980; x_wconf 76' lang='lat' dir='ltr'><strong>pol</strong></span> <span class='ocrx_word' id='word_1_864' title='bbox 150 4910 177 4962; x_wconf 76' lang='grc' dir='ltr'><strong>δὲ</strong></span> <span class='ocrx_word' id='word_1_865' title='bbox 189 4909 287 4980; x_wconf 60' lang='lat' dir='ltr'><strong>ripheis</strong></span> <span class='ocrx_word' id='word_1_866' title='bbox 298 4911 341 4963; x_wconf 79' lang='lat' dir='ltr'><strong>acl</strong></span> <span class='ocrx_word' id='word_1_867' title='bbox 355 4909 441 4975; x_wconf 67' lang='grc' dir='ltr'><strong>λᾶος,</strong></span> <span class='ocrx_word' id='word_1_868' title='bbox 461 4908 517 4981; x_wconf 72' lang='grc' dir='ltr'><strong>περὶ</strong></span> <span class='ocrx_word' id='word_1_869' title='bbox 533 4908 574 4970; x_wconf 70' lang='grc' dir='ltr'><strong>οὓς</strong></span> <span class='ocrx_word' id='word_1_870' title='bbox 591 4907 616 4960; x_wconf 84' lang='lat' dir='ltr'><strong>oi</strong></span> <span class='ocrx_word' id='word_1_871' title='bbox 630 4906 730 4977; x_wconf 74' lang='grc' dir='ltr'><strong>Κάδμου</strong></span> <span class='ocrx_word' id='word_1_872' title='bbox 744 4905 786 4958; x_wconf 73' lang='grc' dir='ltr'><strong>καὶ</strong></span> <span class='ocrx_word' id='word_1_873' title='bbox 798 4904 883 4978; x_wconf 81' lang='grc' dir='ltr'><strong>Ἆρμο-</strong></span> <span class='ocrx_word' id='word_1_874' title='bbox 927 4907 1064 4959; x_wconf 65' lang='lat' dir='ltr'><strong>Hecataeus</strong></span> <span class='ocrx_word' id='word_1_875' title='bbox 1074 4903 1084 4975; x_wconf 84' lang='lat'>(</span> <span class='ocrx_word' id='word_1_876' title='bbox 1093 4903 1127 4956; x_wconf 82' lang='lat' dir='ltr'><strong>ir.</strong></span> <span class='ocrx_word' id='word_1_877' title='bbox 1141 4903 1174 4973; x_wconf 86' lang='lat'><strong>73</strong></span> <span class='ocrx_word' id='word_1_878' title='bbox 1186 4901 1196 4974; x_wconf 94' lang='lat'>)</span> <span class='ocrx_word' id='word_1_879' title='bbox 1208 4903 1326 4954; x_wconf 76' lang='lat' dir='ltr'><strong>Dexmos</strong></span> <span class='ocrx_word' id='word_1_880' title='bbox 1337 4910 1461 4972; x_wconf 85' lang='lat' dir='ltr'><strong>tanquam</strong></span> <span class='ocrx_word' id='word_1_881' title='bbox 1475 4899 1543 4964; x_wconf 81' lang='grc' dir='ltr'><strong>ἐὌνος</strong></span> <span class='ocrx_word' id='word_1_882' title='bbox 1551 4901 1653 4954; x_wconf 76' lang='grc' dir='ltr'><strong>Καύνιον</strong></span> <span class='ocrx_word' id='word_1_883' title='bbox 1665 4905 1719 4964; x_wconf 77' lang='grc' dir='ltr'><strong>τοῖς</strong></span> 
     </span>
     <span class='ocr_line' id='line_1_57' title="bbox 91 4977 1718 5060; baseline -0.004 -20"><span class='ocrx_word' id='word_1_884' title='bbox 91 4989 146 5051; x_wconf 74' lang='grc' dir='ltr'><strong>νίας</strong></span> <span class='ocrx_word' id='word_1_885' title='bbox 154 4990 226 5060; x_wconf 72' lang='lat' dir='ltr'><strong>rdpor</strong></span> <span class='ocrx_word' id='word_1_886' title='bbox 238 4989 383 5043; x_wconf 73' lang='grc' dir='ltr'><strong>δείκνυνται.</strong></span> <span class='ocrx_word' id='word_1_887' title='bbox 395 4992 454 5044; x_wconf 85' lang='lat' dir='ltr'><strong>lam</strong></span> <span class='ocrx_word' id='word_1_888' title='bbox 468 5005 531 5042; x_wconf 83' lang='lat' dir='ltr'><strong>vero</strong></span> <span class='ocrx_word' id='word_1_889' title='bbox 540 4988 578 5040; x_wconf 89' lang='lat' dir='ltr'><strong>uti</strong></span> <span class='ocrx_word' id='word_1_890' title='bbox 590 4985 641 5039; x_wconf 89' lang='lat' dir='ltr'><strong>sub</strong></span> <span class='ocrx_word' id='word_1_891' title='bbox 649 4987 709 5039; x_wconf 81' lang='lat' dir='ltr'><strong>Aoo</strong></span> <span class='ocrx_word' id='word_1_892' title='bbox 716 4977 883 5056; x_wconf 76' lang='grc' dir='ltr'><strong>οοῑλιμνοθά-</strong></span> <span class='ocrx_word' id='word_1_893' title='bbox 931 4982 1087 5055; x_wconf 75' lang='grc' dir='ltr'><strong>Ἐγχελείοις</strong></span> <span class='ocrx_word' id='word_1_894' title='bbox 1095 4979 1213 5052; x_wconf 77' lang='grc' dir='ltr'><strong>προσεχὲς</strong></span> <span class='ocrx_word' id='word_1_895' title='bbox 1221 4987 1359 5043; x_wconf 87' lang='lat' dir='ltr'><strong>memorat,</strong></span> <span class='ocrx_word' id='word_1_896' title='bbox 1368 4980 1444 5031; x_wconf 88' lang='lat' dir='ltr'><strong>sicuti</strong></span> <span class='ocrx_word' id='word_1_897' title='bbox 1455 4979 1548 5035; x_wconf 91' lang='lat' dir='ltr'><strong>Strabo</strong></span> <span class='ocrx_word' id='word_1_898' title='bbox 1556 4981 1617 5045; x_wconf 83' lang='lat' dir='ltr'><strong>Vll,</strong></span> <span class='ocrx_word' id='word_1_899' title='bbox 1625 4999 1653 5052; x_wconf 93' lang='lat' dir='ltr'><strong>p.</strong></span> <span class='ocrx_word' id='word_1_900' title='bbox 1665 4982 1718 5034; x_wconf 80' lang='lat'><strong>326</strong></span> 
     </span>
     <span class='ocr_line' id='line_1_58' title="bbox 85 5058 1717 5139; baseline -0.004 -19"><span class='ocrx_word' id='word_1_901' title='bbox 85 5067 185 5132; x_wconf 65' lang='grc' dir='ltr'><strong>ῑλαοοα,</strong></span> <span class='ocrx_word' id='word_1_902' title='bbox 207 5069 249 5121; x_wconf 91' lang='lat' dir='ltr'><strong>cul</strong></span> <span class='ocrx_word' id='word_1_903' title='bbox 270 5085 331 5122; x_wconf 84' lang='lat' dir='ltr'><strong>saxa</strong></span> <span class='ocrx_word' id='word_1_904' title='bbox 349 5068 442 5122; x_wconf 90' lang='lat' dir='ltr'><strong>Cadmi</strong></span> <span class='ocrx_word' id='word_1_905' title='bbox 463 5067 605 5139; x_wconf 87' lang='lat' dir='ltr'><strong>Dionysius</strong></span> <span class='ocrx_word' id='word_1_906' title='bbox 622 5065 725 5129; x_wconf 86' lang='lat' dir='ltr'><strong>tribuit,</strong></span> <span class='ocrx_word' id='word_1_907' title='bbox 745 5066 783 5118; x_wconf 90' lang='lat' dir='ltr'><strong>sic</strong></span> <span class='ocrx_word' id='word_1_908' title='bbox 802 5065 882 5118; x_wconf 86' lang='lat' dir='ltr'><strong>etiam</strong></span> <span class='ocrx_word' id='word_1_909' title='bbox 927 5063 1095 5118; x_wconf 78' lang='lat' dir='ltr'><strong>Dasaretbios</strong></span> <span class='ocrx_word' id='word_1_910' title='bbox 1109 5063 1164 5113; x_wconf 83' lang='lat' dir='ltr'><strong>sire</strong></span> <span class='ocrx_word' id='word_1_911' title='bbox 1177 5059 1337 5113; x_wconf 77' lang='lat' dir='ltr'><strong>Sasarethios</strong></span> <span class='ocrx_word' id='word_1_912' title='bbox 1350 5058 1359 5130; x_wconf 96' lang='lat'>(</span> <span class='ocrx_word' id='word_1_913' title='bbox 1370 5059 1488 5112; x_wconf 83' lang='lat' dir='ltr'><strong>Dexaros</strong></span> <span class='ocrx_word' id='word_1_914' title='bbox 1501 5061 1612 5112; x_wconf 72' lang='lat' dir='ltr'><strong>liccatcci</strong></span> <span class='ocrx_word' id='word_1_915' title='bbox 1623 5059 1717 5132; x_wconf 80' lang='lat' dir='ltr'><strong>)y&#39;uxta</strong></span> 
     </span>
     <span class='ocr_line' id='line_1_59' title="bbox 90 5137 1718 5218; baseline -0.004 -18"><span class='ocrx_word' id='word_1_916' title='bbox 90 5148 183 5218; x_wconf 74' lang='lat' dir='ltr'><strong>ysaullu</strong></span> <span class='ocrx_word' id='word_1_917' title='bbox 194 5165 275 5218; x_wconf 88' lang='lat' dir='ltr'><strong>supra</strong></span> <span class='ocrx_word' id='word_1_918' title='bbox 286 5148 421 5201; x_wconf 82' lang='lat' dir='ltr'><strong>Drilonem</strong></span> <span class='ocrx_word' id='word_1_919' title='bbox 434 5161 545 5217; x_wconf 76' lang='lat' dir='ltr'><strong>magnus</strong></span> <span class='ocrx_word' id='word_1_920' title='bbox 556 5155 595 5199; x_wconf 87' lang='lat' dir='ltr'><strong>eat</strong></span> <span class='ocrx_word' id='word_1_921' title='bbox 606 5144 677 5200; x_wconf 87' lang='lat' dir='ltr'><strong>lacus</strong></span> <span class='ocrx_word' id='word_1_922' title='bbox 691 5144 811 5199; x_wconf 82' lang='lat' dir='ltr'><strong>labentis</strong></span> <span class='ocrx_word' id='word_1_923' title='bbox 821 5162 882 5198; x_wconf 90' lang='lat' dir='ltr'><strong>cum</strong></span> <span class='ocrx_word' id='word_1_924' title='bbox 927 5143 1084 5198; x_wconf 85' lang='lat' dir='ltr'><strong>Echelenscs</strong></span> <span class='ocrx_word' id='word_1_925' title='bbox 1092 5149 1219 5193; x_wconf 78' lang='lat' dir='ltr'><strong>recenset.</strong></span> <span class='ocrx_word' id='word_1_926' title='bbox 1233 5137 1469 5211; x_wconf 83' lang='lat' dir='ltr'><strong>Scholiastahpoll.</strong></span> <span class='ocrx_word' id='word_1_927' title='bbox 1481 5139 1532 5192; x_wconf 84' lang='lat' dir='ltr'><strong>er.</strong></span> <span class='ocrx_word' id='word_1_928' title='bbox 1545 5141 1593 5204; x_wconf 90' lang='lat' dir='ltr'><strong>IV,</strong></span> <span class='ocrx_word' id='word_1_929' title='bbox 1605 5140 1656 5210; x_wconf 80' lang='lat'><strong>507</strong></span> <span class='ocrx_word' id='word_1_930' title='bbox 1671 5140 1718 5195; x_wconf 83' lang='lat' dir='ltr'><strong>:Ol</strong></span> 
     </span>
     <span class='ocr_line' id='line_1_60' title="bbox 87 5217 1717 5297; baseline -0.004 -17"><span class='ocrx_word' id='word_1_931' title='bbox 87 5226 318 5297; x_wconf 53' lang='lat' dir='ltr'><strong>&#39;parvulisiusuliu</strong></span> <span class='ocrx_word' id='word_1_932' title='bbox 328 5238 433 5284; x_wconf 87' lang='lat' dir='ltr'><strong>centum</strong></span> <span class='ocrx_word' id='word_1_933' title='bbox 441 5225 494 5280; x_wconf 74' lang='lat' dir='ltr'><strong>lere</strong></span> <span class='ocrx_word' id='word_1_934' title='bbox 502 5225 613 5280; x_wconf 86' lang='lat' dir='ltr'><strong>stadiisa</strong></span> <span class='ocrx_word' id='word_1_935' title='bbox 621 5225 685 5280; x_wconf 91' lang='lat' dir='ltr'><strong>mari</strong></span> <span class='ocrx_word' id='word_1_936' title='bbox 693 5223 885 5294; x_wconf 80' lang='lat' dir='ltr'><strong>distans,cique</strong></span> <span class='ocrx_word' id='word_1_937' title='bbox 932 5221 1068 5292; x_wconf 77' lang='grc' dir='ltr'><strong>Ἐγχέλυες</strong></span> <span class='ocrx_word' id='word_1_938' title='bbox 1077 5219 1088 5293; x_wconf 90' lang='grc'>(</span> <span class='ocrx_word' id='word_1_939' title='bbox 1097 5219 1155 5291; x_wconf 84' lang='lat' dir='ltr'><strong>sic)</strong></span> <span class='ocrx_word' id='word_1_940' title='bbox 1168 5218 1224 5290; x_wconf 76' lang='grc' dir='ltr'><strong>περὶ</strong></span> <span class='ocrx_word' id='word_1_941' title='bbox 1235 5217 1266 5271; x_wconf 71' lang='grc' dir='ltr'><strong>τὰ</strong></span> <span class='ocrx_word' id='word_1_942' title='bbox 1285 5217 1405 5290; x_wconf 73' lang='grc' dir='ltr'><strong>Κεραύνια</strong></span> <span class='ocrx_word' id='word_1_943' title='bbox 1417 5219 1472 5290; x_wconf 76' lang='grc' dir='ltr'><strong>ὄρη.</strong></span> <span class='ocrx_word' id='word_1_944' title='bbox 1493 5219 1622 5290; x_wconf 78' lang='lat' dir='ltr'><strong>scymnus</strong></span> <span class='ocrx_word' id='word_1_945' title='bbox 1634 5219 1717 5274; x_wconf 84' lang='lat' dir='ltr'><strong>Chius</strong></span> 
     </span>
    </p>
   </div>
   <div class='ocr_carea' id='block_1_4' title="bbox 0 0 1895 5750">
    <p class='ocr_par' dir='ltr' id='par_1_7' title="bbox 0 0 1895 5750">
     <span class='ocr_line' id='line_1_61' title="bbox 0 0 1895 5750; baseline 0 0"><span class='ocrx_word' id='word_1_946' title='bbox 0 0 1895 5750; x_wconf 95' lang='lat' dir='ltr'><strong> </strong></span> 
     </span>
    </p>
   </div>
  </div>
 </body>
</html>
