3775 5750
114 332 171 411 i...)
824 328 1026 395 nanticus
1694 348 1729 401 n

111 465 242 547 πυρώδεις
256 464 349 548 priam
362 462 501 525 ἐνόόαλλυν
518 463 554 531 εἰς
567 460 616 537 τὴν
635 460 774 524 mansi.
817 461 851 524 ‘ll
865 467 902 545 γῆ
946 476 992 545 gni
1017 486 1147 530 torrentes
1166 477 1235 547 ignei
1253 478 1282 530 in
1307 495 1380 533 marc
1398 476 1613 534 effundalsantur.
1649 481 1732 535 Terra

112 558 139 613 δ’
154 552 204 613 {ml
217 554 315 633 θὲρμης
327 550 425 621 ὄὸατος
436 542 481 625 ἦν·
946 574 1056 636 propter
1068 564 1182 617 calorem
1194 565 1324 619 inaccessa
1337 577 1404 621 erat.

153 662 191 702 ro.
211 638 292 719 Ταχὺ
306 628 351 699 σόν
368 641 488 703 κόκεῑθιν
511 634 667 719 ρσόηόόντες
685 632 902 713 όπισλσόσεμιν.
985 654 1027 703 16,
1045 650 1191 704 confffirim
1204 652 1285 721 igitur
1301 653 1381 705 eum
1395 651 1459 705 hinc
1471 663 1545 707 mem
1553 653 1665 725 pel-mk,
1678 653 1733 708 dis.

111 728 252 811 Τέτταρας
263 730 286 787 δ’
299 726 400 809 ἡμέρας
411 726 569 808 φερόμενοι,
585 724 676 791 νυκτὸς
689 722 739 795 τὴν
752 724 801 803 γῆν
813 726 900 804 teca·
946 738 1081 789 cassinus.
1117 738 1181 791 Post
1188 736 1405 792 cursumdientm
1412 749 1538 810 quattum
1546 750 1627 793 noctu
1636 750 1733 795 terram

114 820 202 897 ρῷμιν
217 812 312 897 pho-pic
324 814 440 891 μεστόν·
457 816 484 873 lv
493 810 568 893 μόσυρ
580 811 604 871 δ’
619 804 901 895 diffluxit),
946 822 1172 894 conspiciebamus
1191 824 1305 877 llammis
1322 823 1456 879 refertam.
1493 828 1525 879 In
1542 826 1632 879 medio
1644 838 1733 881 autern

112 904 166 963 τῶν
184 902 272 963 ἄλλων
288 906 387 981 μεῖζον,
399 898 709 979 ἁπαόμενυν,όνςίδόκει,
723 903 774 958 τῶν
787 899 902 979 ἄστρων.
946 919 1003 962 erat
1012 909 1129 964 excelsus
1145 908 1254 982 quidam
1265 920 1292 963 et
1301 911 1395 963 ceteris
1413 911 1498 982 major
1511 912 1592 981 ignis,
1605 914 1674 984 ipsa,
1693 915 1734 967 uti

113 995 202 1053 Τοῦτο
216 990 239 1051 δ’
258 989 357 1073 ἡμέρας
370 990 429 1073 ὄρος
441 988 560 1073 ἐφαίνετο
573 987 706 1069 μέγιστον,
721 988 799 1051 Θεῶν
810 986 902 1070 ὄχημα
948 996 1095 1064 ridebatur,
1117 1008 1226 1077 tangens
1243 1009 1322 1051 astra.
1360 1001 1387 1051 Is
1406 999 1523 1053 interdiu
1540 1002 1663 1072 apparuit
1676 1018 1734 1055 esse

113 1080 288 1158 tolosipetas.
945 1102 1024 1138 mons
1035 1084 1188 1149 altissimus,
1206 1084 1252 1154 qui
1265 1084 1360 1137 'Ilieon
1371 1085 1488 1139 Ochem
1500 1096 1619 1139 vocatur.
1733 1099 1737 1113 ¹

154 1186 191 1231 lt.
213 1171 337 1248 Τριταῑυι
350 1166 373 1227 δ’
387 1169 485 1231 όιιεῖόιν
494 1163 625 1244 πυρώδεις
635 1163 903 1247 ρόιιιιαςσαραπλιό-
986 1187 1028 1240 ¹7·
1047 1172 1119 1223 Hinc
1135 1168 1218 1223 tridui
1230 1171 1396 1241 navigatione
1417 1181 1546 1224 torrentes
1560 1173 1650 1241 igneos
1668 1189 1735 1244 prae-

115 1277 209 1321 σενιις
228 1254 376 1335 ἀφικόμεθα
388 1255 425 1320 alc
437 1254 536 1312 κόλπον
551 1253 638 1313 Νότου
651 1251 736 1333 Κόρας
749 1251 899 1330 λεγόμενον.
946 1258 1054 1310 tervecti
1065 1258 1093 1309 in
1108 1256 1196 1309 sinum
1208 1257 1338 1320 venimus,
1348 1258 1394 1327 qui
1405 1258 1468 1310 Noti
1478 1257 1558 1310 Ceras
1570 1256 1677 1311 dicitur.

157 1365 193 1406 ts.
215 1342 262 1404 Ἐν
277 1342 305 1400 di
326 1344 364 1422 τῷ
380 1342 459 1421 μυχῷ
472 1344 550 1411 νῆσος
567 1331 612 1417 ἦν,
631 1344 776 1421 όσυιυῖατῇ
790 1330 901 1419 uptiis-fl,
984 1346 1026 1398 rs.
1046 1346 1080 1395 In
1100 1345 1173 1395 sinus
1195 1360 1299 1423 recessu
1321 1342 1406 1397 insula
1422 1354 1478 1397 erat
1497 1344 1582 1415 priori
1592 1332 1640 1397 'itti
1663 1345 1735 1397 simi-

114 1432 212 1509 λίμνην
226 1430 340 1509 ἔχουσα·
355 1428 402 1488 καὶ
422 1432 449 1489 όν
469 1430 553 1507 ταύτῃ
564 1432 642 1501 νῆσος
659 1420 692 1502 ἦν
706 1426 799 1509 luipo,
817 1426 901 1507 μασι-ὴ
945 1430 993 1495 lis;
1007 1448 1070 1483 nam
1087 1428 1174 1482 laeum
1191 1427 1314 1493 habehat,
1341 1429 1369 1481 in
1389 1444 1444 1499 quo
1462 1428 1546 1481 insula
1565 1438 1622 1483 erat
1643 1428 1733 1494 altera,

116 1520 263 1600 ἀνθρώπων
279 1518 387 1599 ἀγρίων,
431 1518 506 1577 Πολὺ
529 1515 557 1576 δὲ
571 1516 675 1585 πλείους
689 1508 901 1597 ἦσανχυναῖκες,
946 1516 1043 1570 miella
1061 1512 1215 1569 hominibus
1235 1512 1405 1568 silvestribus.
1443 1513 1525 1568 Emtl
1543 1526 1631 1569 aulem
1650 1517 1735 1569 mullo

117 1610 221 1673 δασεῖαι
233 1609 287 1675 ταῖς
301 1606 437 1682 σώμασιν·
452 1605 483 1673 ἃς
497 1607 521 1665 ol
541 1606 665 1687 ἑρμηνέες
684 1606 793 1665 όεόλυυν
808 1604 902 1685 Γυριλ·
947 1604 1036 1675 plures
1055 1602 1178 1655 muliere·
1197 1600 1305 1655 hirsutis
1321 1598 1487 1673 ⁰⁰¹'P0rlb1152
1505 1616 1570 1672 q¹1³⁵
1582 1602 1737 1673 ῑῡῑθψῑθῑὸ

115 1698 175 1766 λας.
217 1695 363 1763 Διόνκοντες
374 1692 403 1755 dl
418 1693 514 1775 ἄνδρας
526 1692 574 1771 pls
588 1691 730 1753 συλλαόεῖν
741 1693 789 1751 ota
803 1690 916 1763 illumin
948 1687 1208 1744 Gorillasvoeabant.
1245 1684 1300 1740 Nos
1309 1698 1494 1759 persequentes
1504 1686 1738 1759 virosquidemca·

116 1878 194 1921 asset.
212 1892 223 1913 ·
236 1868 284 1920 His
294 1864 361 1919 adde
370 1867 540 1919 ldannertum
552 1864 606 1935 (X,
616 1880 643 1929 a,
656 1881 684 1935 p.
698 1865 748 1932 509
762 1862 783 1935 ),
794 1863 840 1933 qui
848 1860 906 1932 pla·
949 1859 1165 1931 promontorium
1174 1859 1280 1911 initium
1291 1858 1365 1910 sinus
1374 1859 1502 1928 posueris,
1513 1858 1594 1911 millia
1602 1870 1665 1912 sunt
1676 1874 1736 1925 tra,

117 1966 162 2008 νισι
170 1948 234 1998 istos
248 1942 442 1997 reveralluvios
452 1953 620 2009 esseoenset,
633 1943 679 2013 qui
697 1942 840 2011 ignitorum
849 1958 907 2011 spe·
949 1932 1017 1992 sdoo
1033 1948 1064 1991 ut
1084 1939 1112 1990 in
1129 1936 1202 1989 diem
1218 1935 1383 1989 numeranda
1402 1938 1455 1988 sint
1472 1936 1553 1989 millia
1573 1938 1617 2008 37.
1639 1936 1706 1989 Inde
1721 1956 1739 1991 a

117 2029 186 2080 ciem
196 2020 370 2097 prebuissent
382 2040 436 2075 non
445 2021 522 2075 alium
534 2021 570 2075 ob
579 2040 684 2075 causam
694 2022 743 2073 nisi
753 2018 826 2091 quod
835 2020 907 2089 ignes
949 2018 1064 2073 Gambia
1077 2019 1105 2069 in
1119 2034 1222 2069 summa
1236 2026 1299 2068 sunt
1310 2018 1362 2079 482
1374 2014 1455 2067 millia
1462 2054 1471 2080 ,
1485 2033 1545 2085 quse
1557 2014 1626 2069 inte'r
1638 2016 1740 2069 duode-

117 2109 146 2160 in
157 2104 292 2158 montibus
303 2102 405 2155 accensi
418 2118 547 2175 aquarum
556 2100 721 2174 superficiem
733 2100 810 2170 ignco
823 2098 908 2170 splen·
950 2099 1003 2151 cim
1014 2096 1070 2149 dies
1081 2095 1165 2149 divisa
1178 2095 1286 2165 singulis
1304 2093 1398 2146 diebus
1411 2094 1534 2148 tribuunt
1544 2094 1624 2147 millia
1635 2097 1740 2150 circiter
1769 2157 1774 2173 ρ

118 2182 185 2236 dore
199 2181 401 2234 illuminassent.
951 2172 1135 2247 quadraginta.
1147 2206 1184 2217 -
1196 2173 1284 2226 Insula
1300 2173 1334 2225 ab
1347 2174 1480 2227 Hannone
1495 2184 1641 2229 memorata
1654 2176 1740 2229 leen
1770 2180 1774 2215 :

153 2266 251 2331 §ilict
266 2277 308 2329 17.
324 2257 407 2312 Θεῶν
429 2258 567 2330 ὄχημα...
583 2256 685 2312 Νότου
702 2256 806 2329 κόρας]
817 2260 856 2309 De
868 2256 909 2311 his
951 2264 981 2307 to
996 2255 1086 2327 (tom.
1101 2257 1130 2320 I,
1147 2272 1173 2320 1,
1193 2258 1227 2307 66
1239 2253 1248 2325 )
1261 2270 1317 2307 esse
1331 2252 1435 2307 videtur
1448 2252 1577 2305 Plantot'n
1591 2254 1688 2307 island.
1707 2256 1741 2309 ld

117 2342 192 2395 huuc
202 2340 230 2392 in
238 2336 349 2391 modum
363 2336 621 2409 exponitRennelius
633 2354 639 2390 :
653 2336 696 2393 Ab
705 2338 814 2409 Hesperi
824 2354 910 2391 cornu
952 2352 1017 2389 vcro
1026 2336 1115 2388 minus
1128 2334 1194 2387 mihi
1203 2333 1340 2405 probatur.
1356 2334 1424 2385 Nam
1440 2334 1578 2385 Hannonis
1591 2334 1676 2388 insula
1686 2354 1741 2389 non

119 2438 202 2492 suque
216 2417 251 2472 ad
266 2428 384 2470 montem
396 2416 489 2470 'lhedn
504 2416 613 2469 ochema
625 2426 688 2469 sunt
696 2424 830 2486 quattuor,
846 2414 910 2469 hinc
952 2414 981 2467 in
995 2415 1121 2480 introitu,
1140 2412 1187 2467 sed
1201 2412 1227 2467 lv
1241 2419 1277 2485 τῷ
1291 2418 1364 2485 μυχῷ
1379 2416 1424 2466 τοῦ
1440 2412 1535 2465 κόλπου
1552 2414 1686 2478 siluerat,
1699 2425 1740 2479 et,

118 2500 153 2553 ad
166 2502 258 2552 sinum
269 2498 332 2550 Noti
342 2514 414 2549 cerus
427 2507 480 2549 tres
493 2493 549 2548 dias
560 2496 743 2565 navigationis.
753 2497 813 2547 lam
827 2496 848 2547 si
863 2508 912 2565 per
953 2495 1030 2547 sicuti
1043 2495 1118 2566 prior
1131 2494 1188 2559 illa,
1207 2493 1295 2547 lucram
1309 2494 1337 2545 in
1350 2510 1436 2563 eoque
1447 2492 1554 2546 alteram
1569 2492 1682 2547 insulam
1696 2494 1743 2547 ha·

118 2590 220 2651 septem
232 2577 290 2629 dics
300 2592 452 2649 pergamus,
464 2576 502 2628 ita
511 2584 541 2627 ut
552 2575 580 2627 in
590 2573 705 2645 singulos
715 2574 794 2627 millia
804 2575 912 2645 triginta
955 2572 1042 2626 bebat.
1057 2574 1121 2627 ttaec
1136 2573 1158 2625 si
1172 2572 1366 2644 comparaveris
1383 2589 1444 2625 cum
1462 2582 1584 2625 accurata
1593 2572 1666 2625 sinus
1677 2572 1743 2625 deli·

119 2669 181 2711 octo
193 2666 393 2727 computentur,
407 2652 580 2725 perducimur
597 2650 631 2705 ad
645 2652 756 2705 insulam
771 2652 911 2717 Plantrrim
954 2655 1091 2715 neatione,
1117 2653 1220 2723 qualem
1243 2654 1271 2705 in
1292 2653 1396 2723 mappis
1417 2651 1526 2705 exhibui
1548 2652 1740 2724 (sectandumz

120 2754 179 2805 quae
207 2732 384 2805 quadraginta
404 2730 460 2785 sere
472 2730 587 2785 millibus
607 2742 669 2803 post
689 2742 806 2785 montem
824 2730 912 2785 Sicrra
954 2731 1024 2784 Plan
1039 2730 1071 2783 de
1086 2731 1114 2783 Ia
1130 2730 1226 2784 riuie're
1245 2730 1278 2783 de
1295 2731 1427 2793 Sherbom,
1446 2731 1504 2784 leue'
1513 2751 1544 2785 en
1560 2734 1627 2785 1826
1641 2750 1695 2804 por
1708 2734 1744 2785 les

120 2816 202 2866 hone
219 2811 347 2864 occurrit.
360 2810 423 2864 llaec
437 2826 500 2862 vero
517 2808 602 2863 insula
615 2826 675 2862 eum
687 2810 719 2863 iis
735 2827 793 2881 qun
805 2808 913 2865 suntad
955 2808 1068 2880 officim
1090 2808 1122 2861 de
1143 2809 1171 2862 la
1194 2822 1308 2863 eoraette
1323 2814 1421 2871 ιιιυαιι,
1440 2809 1575 2884 capitulae
1590 2813 1633 2863 W.
1648 2814 1680 2864 F.
1698 2815 1742 2866 W.

119 2893 337 2966 promontorium
359 2894 516 3023 Sto-Annrlo
529 2890 667 2944 introitum
691 2889 810 2943 efficiunt
821 2889 912 2956 sinus,
957 2892 1048 2954 Οιναιι,
1058 2890 1187 2943 insertum
1197 2891 1225 2943 in
1237 2907 1244 2943 ι
1259 2894 1334 2944 Corte
1342 2889 1375 2943 de
1384 2890 1411 2943 la
1424 2892 1481 2943 crite
1492 2889 1576 2944 occid.
1585 2890 1744 2963 d'Afrique,·

121 2975 168 3044 qni
181 2981 293 3025 vocatur
301 2969 373 3040 guise
383 2969 414 3022 dc
423 2969 485 3022 Sller
517 2987 545 3024 tu
559 2965 688 3047 (Sherbro
698 2969 783 3022 sound
794 2969 815 3042 ),
828 2967 914 3024 lorma
954 2967 1044 3038 partie
1054 2967 1181 3040 comprise
1191 2981 1262 3022 entre
1280 2968 1317 3022 tes
1332 2967 1380 3022 iles
1390 2967 1422 3021 de
1439 2973 1490 3022 Lar
1506 2981 1532 3021 et
1543 2969 1566 3023 le
1582 2988 1634 3042 cop
1648 2975 1743 3042 [apes.

120 3063 148 3104 et
159 3051 245 3122 figura
256 3067 317 3103 cum
332 3050 392 3102 sinu
401 3049 510 3121 Hesperi
521 3065 607 3104 cornu
619 3047 820 3120 comparandus.
834 3049 914 3102 Mons
957 3048 1044 3118 De'pdt
1059 3045 1165 3114 genem!
1174 3045 1206 3099 de
1226 3046 1254 3099 Io
1267 3046 1377 3110 marine,
1399 3048 1466 3102 1833
1477 3047 1499 3120 ),
1512 3047 1624 3102 dubium
1635 3067 1691 3102 esse
1700 3069 1746 3102 ne-

121 3141 210 3183 autern
223 3130 270 3200 qui
283 3127 387 3181 medius
400 3129 469 3182 inter
482 3138 626 3198 utrumque
636 3128 725 3180 sinum
741 3137 913 3192 memoratur,
956 3127 1015 3195 quit
1034 3127 1172 3179 Hannonis
1194 3125 1306 3180 insulam
1325 3145 1398 3181 nunc
1412 3129 1500 3180 vocari
1517 3129 1664 3198 Macouleyz
1682 3131 1746 3184 llaeo
1804 3151 1815 3178 =.

120 3207 191 3262 Θεῶν
203 3199 307 3279 όχημα,
321 3207 343 3260 is
354 3218 393 3260 est
408 3208 453 3279 qui
468 3225 541 3261 nuno
560 3204 658 3260 dicitur
677 3211 778 3274 Sagrus.
801 3208 916 3278 Aperte
957 3206 1028 3258 enim
1044 3207 1072 3258 in
1085 3207 1143 3277 ipso
1156 3207 1229 3258 sinus
1244 3223 1349 3260 recessu
1372 3207 1464 3260 insulae
1483 3207 1606 3261 stertom
1625 3209 1745 3278 proxime

121 3288 281 3342 occidentali
301 3287 375 3340 sinus
393 3286 504 3356 Bissogo
520 3289 570 3342 180
588 3285 704 3339 millibus
721 3284 817 3351 distat,
841 3283 917 3358 quud
957 3283 1074 3354 adjacet,
1088 3295 1115 3337 et
1125 3287 1154 3338 in
1163 3284 1276 3338 occiduo
1284 3285 1516 3339 lateretreshabet
1525 3289 1616 3350 sinus,
1630 3304 1746 3356 quorum

121 3365 291 3422 intervallum
311 3385 371 3419 curn
394 3377 519 3437 quattuor
538 3366 642 3422 dierum
661 3366 826 3438 navigatione
848 3368 916 3421 bene
957 3380 1027 3416 unus
1040 3363 1118 3417 aliam
1130 3363 1243 3418 insulam
1256 3365 1384 3418 continet.
1398 3366 1530 3418 Hactenus
1543 3363 1578 3417 de
1593 3367 1694 3419 ratione
1703 3368 1744 3420 iti·

121 3443 247 3517 quadrat.
259 3445 365 3498 Etenim
373 3462 420 3497 orn
429 3445 497 3498 inter
506 3444 819 3500 llioi'llunezetslierborn
828 3446 916 3502 inaoo
957 3442 1028 3496 neris
1039 3441 1189 3497 Hannonei.
1210 3473 1247 3484 -
1266 3444 1344 3512 Ignes
1358 3461 1475 3515 quorum
1492 3442 1543 3496 hoc
1561 3461 1667 3515 quoque
1686 3443 1746 3496 looo

123 3525 189 3578 mill.
211 3521 406 3594 longitudinem
418 3533 555 3594 porrecta,
571 3523 599 3577 in
616 3526 768 3578 universum
780 3525 916 3597 perhumi-
958 3525 1055 3577 Hanno
1074 3525 1211 3587 meminit,
1234 3523 1262 3575 in
1281 3541 1358 3576 causa
1375 3523 1499 3588 luerunt,
1520 3541 1569 3576 cur
1581 3525 1745 3593 ignivomum

122 3604 156 3656 lis
165 3613 220 3668 σοις
229 3603 336 3672 triginta
347 3601 456 3656 deinum
468 3602 508 3656 vel
518 3602 692 3674 quadraginta
703 3603 736 3656 ab
746 3621 792 3657 orn
802 3603 916 3658 millibus
957 3610 1076 3656 montem
1088 3600 1207 3656 dicerent
1219 3602 1387 3674 posteriores.
1399 3600 1467 3654 Mela
1475 3603 1531 3667 111,
1540 3619 1573 3671 9:
1590 3603 1667 3656 Ultm
1677 3602 1746 3656 Ιιιινισ

123 3685 153 3736 in
164 3682 358 3736 mediterraneo
369 3692 454 3735 tractu
463 3681 545 3734 altum
560 3679 654 3753 jugum
667 3683 796 3752 assurgit3
811 3682 916 3736 duobus
956 3680 1047 3734 sinum
1069 3681 1116 3754 (in
1138 3700 1193 3753 quo
1207 3681 1367 3736 Gorillarum
1390 3681 1475 3734 insula
1488 3679 1498 3753 )
1513 3700 1586 3734 anons
1604 3681 1694 3744 altus,
1715 3693 1746 3735 ue

4 3784 5 3803 ι
122 3773 214 3816 tnmcn
226 3762 291 3815 locis
300 3759 635 3834 bracchiaquedamhujus
641 3761 698 3832 jugi
709 3779 792 3832 usque
802 3761 835 3814 ad
845 3781 917 3817 mare
959 3759 1046 3813 Greci
1059 3773 1155 3813 aucam
1170 3761 1255 3814 θεῶν
1273 3762 1382 3833 ὄχημα
1396 3760 1533 3834 perpetuis
1545 3761 1650 3828 ignibus
1665 3762 1746 3815 excel·

122 3850 304 3912 procurrunt;
319 3859 433 3912 quorum
450 3841 562 3894 alterum
579 3851 619 3894 cst
637 3857 714 3894 mons
727 3839 813 3894 steria
825 3845 915 3905 bone,
958 3856 1006 3892 sus
1012 3840 1124 3908 fingant.
1137 3841 1238 3894 Plinius
1249 3843 1298 3906 vt,
1315 3843 1348 3894 35
1361 3859 1367 3894 :
1383 3845 1410 3894 A
1423 3839 1510 3894 media
1522 3844 1578 3913 ejus
1588 3842 1745 3915 (meridiani

123 3921 241 3973 alterum
255 3919 289 3972 ab
302 3919 353 3972 hoc
368 3919 450 3972 tots
464 3918 530 3973 mill.
546 3918 645 3972 distans
662 3937 739 3972 mons
757 3923 857 3986 δόρατα,
871 3921 918 3990 qui
959 3918 1099 3990 AEthiopiae
1111 3918 1198 3974 lateris
1212 3919 1221 3993 J
1230 3933 1310 3994 porte
1329 3920 1465 3975 imminens
1477 3921 1546 3973 mori
1557 3940 1630 3974 mons
1642 3922 1747 3975 αιανιιιζι

123 4016 238 4070 quumc
251 3995 376 4069 depresso
386 3998 463 4052 litore
477 3999 504 4051 in
521 4009 597 4052 auras
610 3999 752 4064 attollatur,
770 3997 849 4068 hujus
865 4017 918 4052 orte
959 3996 1036 4050 antec
1052 3997 1166 4065 ignibus,
1185 3999 1270 4052 ΤΙιεόα
1283 4000 1388 4052 ochema
1396 3998 1495 4052 dicim.
1508 3997 1550 4053 Cl.
1564 4000 1634 4052 idem
1648 4001 1684 4064 V,
1703 4017 1727 4053 ι.

124 4079 203 4148 quasi
215 4076 376 4130 dominuset
388 4087 609 4149 mastosapparet,
620 4079 746 4132 clamari
758 4077 919 4132 advenienti·
996 4079 1012 4145 §
1032 4079 1074 4131 18.
1087 4076 1226 4148 Γυρόλλας]
1247 4103 1258 4124 ι
1274 4081 1337 4132 Sine
1350 4076 1434 4132 duliio
1445 4096 1477 4131 ea
1489 4089 1528 4131 est
1541 4079 1677 4132 simiarum
1691 4098 1749 4150 spe-

125 4156 178 4210 bus
189 4155 330 4226 singularis
340 4153 450 4227 quidum
470 4167 557 4210 vertex
572 4175 628 4211 esse
641 4157 756 4222 videtur,
770 4175 854 4229 quum
866 4157 920 4212 col·
960 4155 1027 4221 cies,
1038 4173 1097 4227 quae
1106 4159 1316 4224 Omng·Otttcrrg
1322 4168 1439 4210 vocatur.
1450 4159 1490 4210 Ex
1505 4167 1560 4210 tota
1573 4157 1750 4228 descriptione

125 4235 179 4300 les,
195 4233 293 4305 quibus
302 4251 363 4288 συιιι
377 4232 570 4288 mediterraneo
589 4235 721 4289 montium
737 4245 822 4288 tractu
835 4234 921 4288 cohae·
962 4232 989 4285 id
1001 4234 1097 4305 liquet;
1112 4253 1174 4288 narn
1189 4235 1396 4300 hirsutaeerant,
1412 4236 1579 4299 mordebant,
1590 4235 1748 4289 lacerabant.

125 4324 184 4378 ret,
199 4311 291 4366 oculos
307 4311 411 4366 lateant.
428 4314 525 4366 Denuo
538 4323 656 4366 montem
670 4311 769 4367 detexit
777 4312 874 4367 Piedro
884 4311 919 4367 de
962 4311 1054 4380 Quid?
1074 4331 1139 4365 num
1153 4313 1306 4366 horninibus
1328 4323 1380 4366 tam
1404 4313 1478 4367 facile
1497 4313 1572 4384 pellis
1591 4313 1749 4380 detrahitur,

127 4389 514 4464 Gutta(an.1462),cujus
527 4393 591 4445 socii
613 4392 767 4446 altissimum
782 4395 918 4459 omnium,
962 4409 1043 4461 quam
1063 4391 1169 4446 bestiis?
1182 4393 1321 4445 llaesimiae
1331 4391 1493 4446 silvestribus
1502 4391 1654 4445 hominibus
1667 4392 1751 4448 lormu

77 4520 82 4540 ,
127 4489 198 4542 quos
208 4489 327 4542 unquam
340 4469 480 4537 vidissent,
493 4488 548 4524 esse
557 4470 708 4524 credebant.
721 4473 813 4542 Sagres
822 4490 921 4528 nornen
963 4472 1211 4542 gressuquesimilas
1221 4482 1294 4538 sunt,
1304 4483 1330 4526 et
1339 4484 1448 4544 propter
1460 4472 1556 4525 indolis
1565 4471 1706 4526 sollertiam
1717 4471 1751 4527 ad

128 4551 230 4605 habere
254 4549 337 4604 fertur
357 4568 373 4603 a
394 4549 515 4614 castello,
540 4549 613 4621 quod
637 4551 765 4604 exstruxit
790 4554 920 4606 ilenricus
963 4549 1067 4604 servilia
1083 4552 1227 4605 ministeria
1237 4553 1337 4606 institui
1356 4561 1476 4624 possunt.
1492 4554 1581 4619 Quam
1597 4550 1633 4604 ob
1646 4571 1752 4606 causam

127 4632 255 4702 princeps
266 4627 439 4700 Portngallus.
453 4627 580 4682 amaon
596 4629 732 4684 ochemnte
746 4647 830 4701 usquc
840 4630 874 4685 ad
885 4632 920 4684 si·
963 4628 1095 4700 indigena
1111 4632 1262 4686 existimant
1281 4641 1369 4685 mutos
1389 4631 1527 4696 homines,
1549 4633 1595 4702 qui
1613 4643 1752 4704 propterca

128 4788 264 4857 colligitur
285 4805 340 4840 non
361 4805 439 4858 posse
456 4787 563 4856 cogitari
578 4785 612 4840 de
628 4789 688 4842 sinu
712 4790 805 4842 Sicrrae
825 4790 921 4844 leonte.
964 4792 1041 4845 Hanc
1054 4792 1207 4862 opinionem
1219 4792 1339 4863 inprimis
1352 4788 1504 4862 Mandingi,
1519 4793 1661 4862 Nigrorum
1673 4804 1753 4862 gens,

130 4865 256 4938 (qnippe
269 4867 316 4937 qui
329 4867 521 4938 quinquaginta
532 4864 661 4920 duntaxat
674 4867 789 4921 millibus
806 4868 922 4934 distans,
963 4871 1169 4942 amplectuntur,
1185 4873 1231 4942 qui
1245 4872 1292 4924 has
1304 4871 1393 4923 simias
1409 4872 1544 4924 Toorollns
1561 4881 1665 4924 νουιιιιῑ.
1677 4874 1754 4940 lngo·

128 4945 213 4998 nimis
221 4944 290 4997 loret
300 4945 467 5015 propinquus
478 4942 500 5016 ),
511 4943 557 4996 sed
573 4945 602 4998 in
614 4945 738 5000 Sherhoro
749 4948 837 5000 sinum
850 4965 924 5000 mcn-
965 4952 1039 5004 niosa
1053 4962 1093 5006 est
1110 4953 1190 5020 tingit
1210 4949 1376 5020 conjectura,
1394 4949 1446 5005 hoc
1458 4970 1556 5006 nomen
1571 4952 1640 5004 idcrn
1652 4968 1708 5002 esse
1722 4969 1754 5003 ac

128 5041 207 5076 suras
223 5041 272 5075 nos
286 5021 427 5076 deducere.
444 5024 587 5077 Introitum
603 5023 659 5096 ejus
672 5026 694 5078 si
708 5027 777 5080 inter
795 5028 923 5082 Plnntnia
966 5030 1098 5095 Gorillas,
1121 5048 1205 5102 quum
1225 5030 1291 5083 nihil
1309 5029 1410 5084 lucilius
1425 5032 1452 5084 in
1465 5034 1593 5103 scriptura
1609 5031 1752 5101 permutari

129 5101 245 5156 insulam
258 5111 286 5154 ct
299 5101 396 5155 insulas
410 5101 511 5156 Sanctae
534 5105 619 5158 Annae
641 5115 756 5172 statuas,
771 5105 924 5161 distantias
965 5113 1049 5182 possit
1066 5130 1147 5184 quarn
1158 5111 1305 5183 Τυραλλα
1319 5122 1345 5166 ct
1360 5111 1516 5183 Γυριλλα.
1531 5115 1686 5166 hlanncrtus
1697 5112 1706 5183 (
1716 5113 1753 5177 X,

129 5187 326 5250 Sagrrsmonte
340 5192 379 5236 est
390 5181 501 5238 millium
516 5199 568 5254 9²³
582 5186 622 5239 sin
637 5185 670 5241 ad
685 5187 771 5258 ipsum
789 5188 816 5242 S.
837 5191 921 5242 linum
967 5207 995 5256 a,
1008 5209 1037 5262 p.
1058 5191 1133 5264 510)
1153 5191 1223 5246 seros
1242 5191 1339 5246 incolas
1352 5192 1442 5247 insulse
1455 5195 1552 5264 [quam
1574 5197 1657 5262 Bussy
1674 5191 1754 5245 luisse
