3775 5750
187 314 220 357 n
728 370 732 378 ς
886 296 1100 362 annania.

188 433 373 529 scriptoris
397 431 650 527 elegantissimi
671 432 834 503 consiliis
854 457 943 502 saeva
974 431 1149 502 llnctnnm
1175 428 1396 501 Gallicorum
1421 446 1631 528 tempestate
1654 432 1796 505 obrutis

187 568 224 621 et
243 552 436 639 dernetsis,
460 578 611 648 surgens
633 558 832 623 annovrns
849 584 864 617 ι
881 553 969 623 Mihi
990 578 1089 622 nitrio
1112 552 1179 621 soli
1199 552 1301 623 labor
1317 584 1334 619 ιι
1358 552 1549 641 exclamat;
1576 554 1727 624 Parisios
1742 555 1798 623 vir

189 677 352 771 optimus
374 678 540 763 accurrit,
565 678 728 773 Dionysii
747 692 784 747 et
806 676 994 748 Plethonis
1013 674 1201 747 codicibus
1219 700 1284 772 per
1312 700 1456 746 menses
1472 675 1610 772 aliquot
1636 675 1798 763 insudat,

189 798 354 893 (paredam
374 799 583 871 transcribit
599 800 787 897 opuscula,
808 798 943 871 deinde
959 797 1004 869 ad
1022 798 1112 869 lares
1131 822 1293 869 reversus
1308 797 1386 869 aliis
1400 798 1663 896 conquirendis
1679 799 1799 871 subsi-

190 922 261 991 ‹liis
277 945 425 1018 operam
442 921 641 1019 impendit,
655 920 802 993 tandein
819 936 937 1017 coepta
953 945 1016 991 sua
1035 921 1072 990 in
1093 918 1264 1017 Epistolis
1280 920 1448 991 Parisinis
1468 920 1585 1018 (Lips.
1603 946 1661 994 an.
1683 922 1801 1014 1812)

190 1044 393 1115 annuntiat.
414 1047 497 1113 Post
513 1042 589 1114 haec
598 1042 777 1115 conticuit
785 1055 976 1136 totumque
991 1041 1174 1137 negotium
1195 1064 1259 1111 seu
1272 1040 1403 1111 lubens
1413 1066 1476 1111 seu
1493 1042 1628 1113 invitus
1644 1042 1801 1114 missum

192 1168 289 1237 lecit.
308 1167 459 1237 Interim
477 1165 722 1236 liudsonianoe
736 1163 909 1234 editionis
922 1164 1055 1259 scripta
1067 1163 1234 1258 plurima,
1251 1164 1347 1234 notis
1360 1165 1556 1257 grecenice
1578 1166 1702 1253 versis,
1722 1166 1803 1262 qui·

191 1291 273 1361 dam
288 1293 434 1359 Graecus
447 1290 597 1359 natione
610 1288 776 1383 repetivit
790 1288 938 1357 Viennae
953 1310 1012 1359 an.
1033 1286 1122 1380 1807
1137 1286 1200 1382 (t).
1218 1284 1326 1372 Quod
1345 1284 1494 1383 quidem
1519 1310 1612 1384 opus
1626 1288 1802 1361 vitiorum
1861 1368 1862 1378 χ

192 1413 349 1484 teatina
374 1427 563 1507 ceteraque
584 1407 819 1479 immunditie
835 1410 1002 1479 omnium
1015 1432 1095 1505 quae
1112 1423 1237 1479 nostro
1253 1408 1376 1479 seculo
1392 1407 1609 1504 prodierunt
1628 1426 1683 1480 est
1699 1436 1805 1507 spur-

193 1537 392 1607 cissimum.
414 1537 535 1630 lpsam
552 1532 710 1629 denique
728 1543 974 1602 rem‘strenue
992 1554 1176 1625 aggressus
1202 1535 1361 1605 loannes
1394 1538 1613 1603 Faanctscus
1636 1538 1805 1621 Gerasus,

194 1662 248 1728 vir
263 1658 572 1753 diligentissimus,
588 1655 675 1727 inde
692 1655 739 1726 ab
758 1678 857 1725 anno
879 1653 970 1724 1826
988 1653 1223 1750 Geoprnplros
1234 1680 1370 1749 graecas
1384 1648 1538 1727 minnist·
1551 1656 1603 1752 (a)
1617 1658 1806 1728 variorum

195 1781 292 1851 notis
305 1795 460 1849 onustos
475 1779 622 1874 suisque
637 1779 750 1874 ipsius
772 1778 969 1847 instructos
994 1774 1101 1848 edere
1119 1777 1248 1873 coepit3
1266 1776 1329 1847 sed
1354 1776 1414 1847 hic
1435 1802 1583 1873 quoque
1607 1792 1806 1875 postquam

195 1927 259 2002 per
282 1905 348 1973 tria
378 1901 577 1988 volumina,
603 1900 737 1996 quibus
757 1914 897 1996 septem
921 1899 1097 1997 opuscula
1122 1900 1368 1987 continentur,
1394 1924 1542 1996 operam
1570 1899 1807 1997 perduraret,

195 2028 290 2099 altra
306 2040 452 2097 nonest
470 2050 695 2122 progressas.

243 2148 380 2220 Eodem
394 2164 557 2244 tempore
577 2147 634 2217 vir
649 2147 797 2217 criticus
822 2147 1058 2245 Geographos
1085 2148 1244 2217 minores
1269 2146 1475 2217 tractandos
1497 2149 1656 2245 suscepit
1678 2152 1808 2219 Gono-
1863 2142 1864 2209 Ῠ

195 2294 330 2342 rannus
346 2274 577 2339 Bnannsnnr.
592 2271 727 2337 Lucem
745 2266 837 2337 vidit
857 2268 964 2364 primi
988 2268 1184 2337 voluminis
1207 2290 1288 2362 pars
1310 2269 1411 2363 prior
1423 2267 1489 2364 (3),
1511 2294 1585 2366 quo
1606 2271 1808 2365 Dionysins

195 2398 373 2491 periegeta
385 2390 577 2463 exhibetur
591 2389 742 2487 ejusque
758 2405 1063 2462 commentatores
1090 2404 1125 2459 et
1141 2389 1382 2487 paraphrasten
1402 2408 1509 2489 atque
1530 2392 1637 2465 docta
1653 2392 1810 2464 editoris

196 2520 395 2589 annotatio.
410 2513 625 2586 Praeclarum
641 2513 709 2583 vin'
728 2512 850 2583 eximii
869 2538 964 2609 opas
985 2512 1153 2585 dolemus
1172 2536 1235 2583 seu
1255 2513 1381 2584 loetum
1400 2515 1590 2587 leoninum
1607 2517 1645 2589 itt
1661 2514 1735 2589 hoc
1751 2540 1812 2613 ge-
1864 2534 1865 2539 ’

198 2666 285 2712 nere
302 2641 414 2711 luisse
428 2639 592 2709 unicum.
607 2640 759 2707 Causam
773 2632 936 2706 derelicti
948 2635 1004 2706 vel
1018 2637 1128 2733 spreti
1144 2635 1278 2707 laboris
1288 2638 1364 2734 ipse
1379 2654 1500 2711 narrat
1514 2640 1552 2711 in
1566 2640 1754 2711 Analects's
1769 2646 1810 2711 in

199 2763 433 2860 Geagrapltos
445 2766 648 2831 drocarum
666 2760 816 2829 initiarer
837 2757 971 2851 (Halis
991 2757 1093 2847 1850,
1109 2784 1145 2856 p.
1165 2760 1213 2846 a)
1234 2787 1242 2830 :
1261 2790 1277 2826 ιι
1299 2760 1441 2833 Scilicet
1456 2776 1647 2859 postquam
1667 2762 1812 2859 Diony·

197 2892 292 2961 sium
315 2887 533 2985 periegeten,
548 2883 680 2979 inquit,
696 2881 912 2978 evulgaram,
930 2883 1245 2980 compendiariam
1269 2883 1373 2956 illum
1387 2887 1473 2957 artis
1495 2886 1717 2982 magistrum,
1741 2887 1811 2958 sed

199 3016 264 3111 qui
278 3009 628 3083 commentariorum
647 3021 683 3077 et
699 3007 1039 3102 interpretationum
1054 3005 1276 3080 abundantia
1302 3007 1461 3105 reliquos
1474 3007 1648 3097 obruerit,
1670 3008 1812 3080 refrixit

198 3134 306 3207 ardor
316 3131 579 3229 redemptoris:
597 3131 731 3227 itaque,
751 3144 792 3199 ut
806 3129 857 3217 lit,
873 3133 1055 3200 Musarum
1071 3154 1266 3225 gmcarum
1280 3132 1454 3204 suavitate
1470 3147 1597 3228 captus
1611 3129 1658 3203 ad
1672 3130 1812 3203 laetiora

198 3260 381 3331 literarum
399 3255 514 3352 spatia
528 3252 709 3350 digressus
726 3275 819 3341 sum,
839 3273 1083 3348 necunquam
1098 3250 1185 3326 illuc
1202 3252 1344 3325 animos
1359 3253 1492 3341 rettuli,
1511 3252 1649 3324 nedum
1665 3268 1703 3324 ut
1719 3253 1814 3325 libe·

197 3396 250 3450 ret
263 3377 557 3476 operosissimam
571 3374 873 3472 Geographorum
887 3390 1027 3470 partem
1038 3399 1058 3444 a
1071 3376 1261 3470 perpaucis
1274 3374 1459 3446 lustratam
1472 3375 1620 3470 ingratis
1632 3389 1667 3443 et
1677 3373 1814 3446 frustra

198 3598 279 3648 ciens,
290 3604 341 3655 par
353 3594 388 3642 tt.
402 3589 426 3639 te
439 3594 527 3640 aaran
538 3587 571 3638 de
583 3589 776 3638 sainte-droia.
790 3589 815 3637 ia
829 3588 943 3638 tortrnat
958 3585 1001 3638 stes
1020 3587 1079 3636 saa.
1095 3591 1155 3638 17811
1169 3587 1249 3637 sarit.
1265 3599 1289 3651 p.
1305 3592 1348 3638 111
1363 3601 1416 3651 sqq.
1434 3590 1543 3640 Primam
1564 3589 1708 3639 s.·crnctus
1719 3603 1816 3652 graecos

199 3662 346 3726 geographos
364 3661 511 3710 minaresex
528 3658 612 3708 ordine
631 3658 800 3721 ciimaotagiao
819 3658 872 3706 salt
890 3657 1012 3719 exbiberi,
1025 3655 1112 3707 danda
1125 3657 1221 3708 Latinas
1242 3659 1388 3722 geographos
1399 3661 1425 3709 et
1436 3659 1613 3710 itinerariorum
1629 3663 1753 3711 enatares.
1770 3661 1815 3712 itis

199 3736 323 3800 mitoneis
333 3733 491 3796 supplernenti
512 3732 566 3782 λοοο
580 3731 673 3780 libellos
688 3731 719 3780 da
733 3734 810 3782 nous
824 3731 884 3781 urbe
902 3728 1003 3790 eiusque
1019 3726 1164 3787 regionibus.
1180 3728 1288 3778 Alterum
1305 3741 1363 3778 vero
1380 3731 1573 3792 supptementum
1588 3729 1692 3780 dutiaat
1709 3744 1816 3794 groms-

200 3807 264 3868 pttia
271 3818 347 3856 sacru
358 3808 383 3854 et
394 3801 568 3853 acdestasticse.
582 3801 680 3862 singnis
689 3802 779 3865 scripta
791 3813 914 3851 ιοοοοιοτο
922 3797 1078 3860 supersedeo,
1088 3809 1165 3860 quarn
1178 3795 1236 3846 niltit
1249 3799 1315 3860 nort,
1330 3799 1395 3863 quod
1411 3801 1526 3850 uramenta·
1538 3799 1641 3862 alicujus
1655 3800 1696 3861 sit,
1708 3805 1734 3852 s.
1749 3805 1816 3854 cro·

200 3878 254 3928 cius
263 3874 382 3926 attulerit.
393 3874 431 3924 ct.
444 3872 575 3924 Bradanus
591 3871 615 3921 in
628 3875 670 3934 tip.
682 3875 733 3922 Per.
746 3887 770 3936 p.
786 3880 816 3923 ts
828 3885 866 3934 sq.

234 3953 255 3994 1.
270 3945 423 4006 Σολλογῆς
440 3947 487 3990 τῶν
497 3941 521 3989 tr
530 3941 629 4002 ίιιιτομῇ
638 3945 687 3996 τοῖς
696 3940 769 3990 πάλαι
784 3937 1003 4004 γιωγραρηθίιτων,
1019 3935 1099 3993 τύποις
1112 3937 1252 3988 ίκδοθέντων
1261 3939 1374 4004 φιλοτίμῳ
1384 3940 1476 4004 δαπάνῃ
1488 3945 1535 3990 τῶν
1547 3941 1570 3997 ii
1590 3941 1729 3991 Ἰιοαννίνων
1742 3945 1815 4002 φιλο-

200 4014 346 4074 mordens
355 4014 459 4074 ὰδιλρῶν
475 4011 671 4072 sosipetes,
683 4010 751 4074 χάριν
767 4017 814 4060 τῶν
825 4017 867 4070 τῆς
879 4011 1016 4069 Ἑλληνικῆς
1033 4010 1140 4066 παιδείας
1151 4012 1276 4074 ίριεμίνων
1296 4013 1422 4070 Ἑλλήνων,
1443 4013 1540 4076 τόμος
1551 4019 1681 4076 πρῶτος,
1694 4015 1816 4078 πτριίχων

201 4085 319 4142 Σκύλακος
331 4085 372 4133 καί
384 4082 507 4143 diarium
515 4083 577 4137 τινὸς
592 4079 729 4143 πιρίπλους·
742 4083 899 4144 Ἆγαθημίρου
915 4081 1061 4144 γτωγραρίαι
1082 4080 1161 4142 istite
1175 4081 1205 4142 β’·
1218 4081 1392 4148 Ἀγαθαρχίδου,
1411 4083 1532 4141 Ἄννωνος.
1543 4083 1669 4145 Ἀρριανοῦ,
1689 4081 1816 4146 Νεάρχου,

201 4161 338 4222 Μαρτιανοῦ
357 4155 495 4218 πιρῐτιλουι·
516 4153 619 4216 τιμάχιά
636 4170 689 4204 τινα
705 4153 830 4202 Μινίππου
846 4152 1075 4215 καίἎρτιμιδώρον-
1095 4151 1240 4216 Δικαιάρχου
1253 4153 1307 4203 iilos
1331 4155 1439 4212 Ἑλλάδος
1456 4158 1496 4204 sai
1508 4155 1650 4217 Ἀναγραρὴν
1661 4157 1704 4201 τοῦ
1718 4154 1815 4206 Πηλίου

201 4232 282 4291 ὄρους·
296 4227 417 4289 Ἰοιδὼρου
432 4225 548 4286 σταθμοὺς
559 4225 699 4289 Παρθικούς·
714 4224 821 4287 Σκύμνου
840 4225 993 4286 Ποριήγησιν·
1010 4219 1164 4285 Πλουτάρχου
1182 4225 1233 4287 περὶ
1243 4231 1367 4288 ποταπῶν,
1379 4226 1419 4274 καὶ
1439 4225 1481 4282 τήν
1492 4225 1605 4287 ἐπιτομήν
1621 4229 1668 4273 τῶν
1689 4223 1816 4286 tepidam

201 4299 422 4363 χιωγραρουμίνιον.
432 4295 514 4345 -Ὲν
527 4295 633 4358 Britan
643 4302 683 4353 τῆς
697 4295 812 4359 simplae
824 4295 902 4354 lasne
912 4295 1084 4358 Σχροιμὸλικῆς
1098 4294 1257 4358 τυπογρορίιις
1274 4296 1395 4347 ,ΑΩῙΑ-
1404 4297 1494 4344 Tamus
1503 4293 1631 4354 marantius,
1641 4293 1683 4356 qui
1693 4305 1733 4342 an.
1750 4299 1816 4345 1808

203 4369 299 4432 prodiit,
313 4369 420 4418 caninat
433 4387 440 4416 ι
451 4366 578 4416 Διονυσίου
593 4368 728 4429 οἰκουμένης
745 4369 882 4428 περιήγησιν
898 4369 957 4428 μετὰ
969 4371 1016 4414 τῶν
1034 4363 1238 4428 παρεκὸολιῖιντοῡ
1254 4365 1394 4414 Εὺοταίίου.
1412 4365 1544 4428 ’λνωνίμου
1561 4364 1687 4428 πιρίπλουν
1702 4363 1817 4419 Εὐξείνου

201 4441 296 4490 πόντου·
313 4439 461 4500 ΙΙτολιριαίου
479 4436 569 4486 κανόνα
586 4436 708 4500 inieritis-n
723 4436 823 4496 πόλοιον,
834 4439 950 4500 Ἆροίίαν,
970 4438 1010 4485 καὶ
1022 4438 1064 4492 τήν
1079 4440 1126 4485 τῶν
1138 4433 1284 4496 ἀστιρισμῶν
1301 4435 1400 4484 laisari·
1420 4435 1552 4498 Ἀνωνύιιου
1568 4435 1716 4500 παράφρασιν
1726 4437 1759 4492 τίς
1770 4439 1816 4496 τὴν

201 4506 327 4558 Διονυσίου
335 4507 480 4568 usnimais·
490 4505 637 4568 παροκδολιίς
647 4521 710 4561 τινας
727 4507 759 4561 τίς
767 4507 809 4563 τὴν
819 4507 891 4564 αὐτὴν
900 4507 1037 4568 περιήγησιν
1048 4509 1087 4554 καὶ
1101 4505 1290 4566 ἀποοπκομάτιά
1304 4522 1356 4555 τινα
1365 4506 1523 4569 γιωχρορικά.

234 4585 257 4627 a.
274 4575 419 4638 Gsopraptts'
434 4577 510 4632 orari
522 4578 643 4624 minores.
658 4574 834 4624 ttudsmtanae
847 4575 968 4627 editionis
983 4577 1166 4627 adnotationes
1178 4577 1294 4636 inteoras
1307 4587 1365 4625 cum
1378 4575 1502 4628 aoaaeta
1515 4575 1741 4627 dissertationibus
1754 4576 1815 4628 edi·

203 4648 245 4698 ets
257 4655 371 4710 suasque
384 4646 413 4694 et
419 4647 552 4693 sariorum
562 4642 672 4705 adscit,-
689 4645 791 4693 testum
805 4643 889 4694 denuo
903 4649 1033 4697 recensuit
1047 4650 1071 4696 rt
1081 4651 1172 4698 sarias
1185 4645 1304 4695 lectiones
1323 4644 1438 4707 subiecit,
1456 4649 1598 4696 versionem
1615 4646 1728 4696 latinam
1742 4656 1818 4695 reco-

202 4719 305 4780 anaait,·
324 4715 503 4776 copiosissimis
519 4711 630 4778 dentque
648 4713 779 4763 indicibus
799 4726 830 4763 ac
847 4714 946 4765 tabulis
965 4719 993 4766 tn
1008 4729 1058 4766 tere
1075 4719 1163 4766 incisis
1185 4715 1315 4764 instruxit
1334 4717 1446 4764 ioannes
1462 4718 1618 4766 namucus
1638 4715 1705 4764 Gatt.
1734 4715 1816 4765 Votu-

202 4798 261 4836 men
273 4785 426 4834 tcoiutnens
441 4783 575 4831 ttannonts
589 4785 615 4831 et
624 4782 736 4844 scalaris
748 4783 870 4844 penptos.
891 4785 967 4845 Tapts
977 4787 1062 4846 septis,
1078 4787 1163 4836 Paris.
1177 4789 1245 4834 1818.
1262 4783 1381 4834 volumen
1395 4787 1415 4834 tt
1428 4787 1483 4847 (ιο.
1500 4785 1575 4846 titii
1588 4785 1695 4846 matinet
1707 4784 1819 4835 Dismar-

201 4855 286 4916 otann,
299 4855 441 4914 iciunum,
457 4850 575 4912 Anonymi
590 4850 761 4901 stadissmum.
779 4853 903 4902 volumini
916 4856 948 4904 itt
965 4854 1023 4915 (an.
1042 4857 1097 4903 titt
1113 4854 1215 4915 >insunt
1229 4867 1235 4900 :
1251 4853 1343 4902 Arriani
1359 4853 1384 4902 et
1396 4853 1514 4917 Anonymi
1537 4853 1623 4916 rcapti
1639 4853 1708 4904 t‘anti
1725 4855 1818 4905 Euxini

203 4929 229 4975 et
240 4923 359 4986 Anonymi
371 4924 431 4974 llic.
447 4921 478 4968 de
489 4933 600 4971 nteasnra
614 4922 682 4970 t‘oati
697 4922 791 4974 Erasini.

237 5003 261 5047 α.
280 4993 425 5057 σωρνορλί
443 4995 521 5054 praet
541 4995 662 5042 ristnoses.
688 4993 827 5044 tutaminis
836 4997 918 5059 print
928 5007 993 5058 pars
1004 4997 1077 5059 prtas·
1091 5010 1099 5042 .·
1113 4998 1248 5056 Dionysius
1262 4997 1403 5058 Periepetes
1415 5007 1495 5056 arnae
1504 4999 1530 5045 et
1542 4994 1626 5046 iatine
1638 4997 1818 5046 mmostustis

206 5067 401 5116 commentariis
409 5066 434 5112 et
443 5063 703 5126 interpretationibus
717 5077 750 5113 ea
760 5071 905 5117 recensione
914 5070 939 5117 et
947 5079 1006 5117 euin
1018 5067 1187 5116 annotatione
1200 5064 1337 5126 Gadasreeit
1350 5063 1512 5128 Bernhardy.
1525 5067 1591 5128 ttps.
1607 5071 1674 5116 tttaa.
1686 5069 1716 5114 tn
1730 5061 1818 5114 sitra-

206 5141 250 5187 ria
265 5135 482 5186 Wstdtnttttntana
495 5135 615 5198 impensis
630 5136 657 5184 G.
677 5137 792 5184 ticiniert.
