3775 5750
176 366 231 416 tot

645 357 826 417 ΑΝΟΝΥΜΙ
850 357 1051 434 (tuatim,
1075 359 1125 419 UT
1147 357 1320 436 reatus)

1653 361 1789 434 (ss—ss,

174 489 305 562 ποταμοῦ.
348 487 394 552 Et<
408 484 436 547 bi
450 484 496 557 τὴν
511 486 580 545 Θῐνα
593 484 689 555 ταύτην
703 488 751 545 οὐκ
764 486 833 544 ἔστιν
844 489 958 566 εὐχερῶς
1002 509 1150 570 portantur.
1188 501 1311 554 Ceterum
1327 501 1353 552 in
1370 499 1485 553 Thinem
1506 499 1640 568 regionem
1655 504 1794 570 pervenire

177 572 307 630 ἀπελθεῖν·
322 571 435 638 σπανίως
466 571 499 650 lp
517 571 563 629 ἀπ’
578 575 656 642 αὐτῆς
678 573 745 640 τινὲς
765 576 794 632 οθ
809 573 930 635 πολλοίί
948 610 958 619 -

175 673 278 730 χονται.
323 654 415 711 Κεῖται
437 597 465 708 bl
488 651 602 717 δ,τόπος
622 651 666 709 ὑπ’
687 652 767 723 αὐτὴν
791 653 839 724 τὴν
862 598 959 734 μικράν

177 739 288 818 ἄρκτον,
310 738 412 817 λέγεται
437 737 464 795 δὲ
487 738 628 818 συνορίζειν
654 747 706 805 τοῖς
731 740 958 819 ἀπεστραμμένοις

149 857 163 895 ς
177 825 267 908 μέρεσι
286 831 332 884 τοῦ
353 824 454 885 ΙΙόντου
468 825 513 885 καί
527 829 574 896 τῆς
595 825 716 894 Κασπίας
731 827 879 901 θαλάσσης,
900 830 959 887 καθ’

175 914 207 984 ἣν
228 918 244 984 ἡ
273 912 454 993 παρακειμένη
477 913 557 990 λίμνη
579 915 697 980 Μαιῶτις
720 917 755 980 εἷς
776 914 819 972 τὸν
844 916 958 974 ὠκεανὸν

175 1005 420 1077 εοναναστομοθσα.

213 1111 249 1150 σε,
273 1093 339 1150 Κατ’
354 1089 409 1155 ἔτος
429 1085 457 1148 δὲ
470 1087 644 1169 παραγίνεται
659 1089 701 1148 ἐπὶ
719 1087 765 1160 τὴν
777 1091 898 1170 συνορίαν
911 1095 959 1162 τῆς

174 1179 252 1245 Θινὸς
277 1179 347 1244 ἔθνος
360 1200 401 1250 τι,
422 1181 459 1257 τῷ
479 1177 527 1253 μὲν
542 1175 646 1253 σώματι
666 1176 772 1237 κολοὸοί
792 1179 837 1237 καί
859 1178 958 1258 σριίδρα

138 1294 162 1332 to
173 1266 410 1346 πλατυπρόσωποι,
423 1265 532 1332 ἐννοίαις
546 1265 574 1324 δὲ
592 1268 697 1344 λῷστοι·
718 1264 811 1332 αὐτοὺς
827 1265 897 1346 [bl]
916 1265 959 1324 λέ·

173 1354 265 1432 γεσθαί
286 1353 389 1434 [φασι]
401 1353 542 1425 Σησάτας,
559 1352 718 1432 παρομοίους
736 1356 891 1433 ἀνημέροις·
909 1377 959 1412 πα·

174 1443 323 1524 ραγίνονται
337 1442 384 1500 σὺν
397 1440 499 1519 γυναιξί
512 1440 557 1498 καὶ
576 1441 688 1513 τέκνοις,
707 1442 878 1520 βαστάζοντες
896 1465 958 1520 ρορ-

173 1532 217 1587 τία
229 1530 332 1608 μεγάλα
345 1530 356 1608 [
367 1529 434 1607 καί]
447 1528 579 1607 ταρπόνας
598 1528 794 1605 ὠμαμπελίνοις
810 1531 958 1608 παραπλη-

173 1619 247 1689 σίας,
261 1609 308 1677 εἶτ’
331 1616 524 1692 ἐνεπιμένουσιν
540 1615 584 1674 ἐπί
597 1639 656 1673 τινα
670 1616 749 1675 τόπον
770 1620 816 1686 τῆς
839 1617 959 1695 συνορίας

136 1729 160 1768 ts
175 1709 261 1765 αὐτῶν
285 1705 331 1764 καί
350 1707 402 1763 τῶν
422 1703 467 1762 ἐπὶ
483 1708 529 1775 τῆς
552 1703 647 1774 Θινθς,
668 1704 713 1763 καὶ
726 1705 891 1784 ἑορτάζουσιν
915 1705 959 1764 ἐπί

174 1817 246 1859 τινας
259 1793 373 1873 ἡμέρας,
388 1789 602 1871 θποστράισαντες
623 1794 723 1858 ἑαυτοῖς
741 1792 787 1858 τίς
806 1791 957 1869 ταρπθνας,

70 1891 74 1897 ’
175 1882 221 1938 καί
248 1880 402 1961 ἀπαίρουσιν
423 1883 459 1947 είς
479 1879 513 1937 τὰ
533 1881 587 1938 tria
608 1881 643 1946 είς
667 1879 725 1946 τοὺς
746 1879 886 1958 ίσωτέρους
911 1881 959 1938 τό-

174 1991 248 2036 πους.
291 1971 327 2028 Ol
351 1967 379 2026 δὲ
406 1972 490 2026 ταῦτα
518 1965 665 2034 θοκεθοντες
689 1966 748 2025 τότε
770 1968 959 2045 παραγίνονται

174 2056 218 2114 ἐπὶ
245 2054 304 2122 τοὺς
321 2053 415 2121 τθπους
431 2053 476 2112 καί
496 2052 649 2131 συλλέγουσι
661 2053 696 2111 ab
708 2053 812 2112 ίκείνων
825 2053 959 2133 ὑποστρώ-

134 2163 161 2200 υο
175 2167 258 2220 ματα,
273 2143 319 2202 καί
339 2141 511 2211 έξινιάσαντες
525 2142 658 2220 καλάμους
669 2141 728 2208 τοὺς
743 2140 899 2219 λεγομένους
912 2142 959 2200 πί·

175 2254 248 2311 τρους
259 2231 303 2290 ἐπί
313 2231 409 2290 λεπτὸν
422 2229 645 2296 ἐπιδιπλώσαντες
662 2229 695 2288 τά
709 2228 794 2311 ρθλλα
812 2230 858 2287 καί
877 2251 959 2309 epat-

176 2320 262 2398 ροειδῆ
272 2323 404 2383 ποιοῦντες
413 2317 536 2398 διείρουσι
545 2321 602 2385 ταῖς
615 2317 667 2376 άπὸ
676 2321 728 2376 τῶν
742 2317 870 2394 καλάμων
879 2315 958 2382 ίναις.

174 2404 280 2465 Γίνεται
292 2403 320 2464 δὲ
331 2404 395 2484 γίνη
416 2405 484 2484 τρία·
501 2406 531 2462 ἐκ
545 2404 593 2481 μὲν
612 2411 658 2464 τοῦ
679 2403 794 2481 μείζονος
811 2405 910 2484 φύλλου
928 2404 958 2460 τὸ

174 2491 347 2574 άδρθσραιρον
367 2491 538 2573 μαλάὸαθρον
552 2492 709 2572 λεγόμενον,
728 2494 758 2551 ἔκ
770 2491 797 2550 bl
808 2498 855 2550 τοῦ
869 2493 959 2550 inobs-

176 2703 203 2756 3.
216 2703 273 2774 tn’]
288 2705 325 2758 ἐπ’
342 2703 435 2757 codex.
452 2709 465 2771 ll
479 2734 515 2744 —
530 2709 558 2756 6.
574 2704 719 2765 Μαιῶτις
737 2702 779 2764 είς
794 2703 848 2755 τον
865 2703 959 2755 ὠκεα-

175 2783 222 2835 νθν
235 2783 544 2852 συναναστομοῦσα]
558 2781 599 2835 Cs.
612 2781 712 2854 Plinius
732 2784 768 2845 11,
784 2800 818 2850 97
830 2780 864 2834 de
877 2783 959 2833 Mao-

174 2859 229 2912 tide
236 2858 331 2930 palude
345 2878 352 2912 :
365 2859 424 2912 Siue
434 2878 464 2911 εα
473 2859 562 2913 oceani
571 2859 645 2913 sinus
652 2871 701 2922 est,
710 2870 740 2913 ut
750 2860 844 2913 multos
851 2860 959 2914 adrerto

174 2938 328 3002 credidisse,
346 2938 403 2991 siue
418 2949 529 3004 argemo
543 2936 652 2989 discreti
665 2937 721 2990 situ
735 2938 905 3005 restagnatio.
915 2938 957 2991 Id.

174 3020 223 3084 VI,
240 3021 285 3084 ι3;
303 3018 435 3073 Plutarch.
452 3017 525 3071 Alex.
536 3036 559 3070 c.
572 3022 621 3083 443
631 3018 738 3071 Curtius
745 3020 795 3083 VI,
806 3023 821 3081 l
828 3040 837 3084 ;
847 3019 957 3089 Orplric.

175 3102 238 3169 Arg.
253 3100 319 3163 1045
332 3117 389 3170 sqq.
394 3119 402 3163 ς
414 3102 514 3152 Lucan.
526 3097 617 3151 Phars.
630 3100 680 3162 III,
694 3114 760 3168 ²775
770 3100 867 3157 Seneca
878 3102 957 3153 Herc.

175 3177 226 3231 lur.
240 3179 306 3233 1328
314 3198 321 3243 ;
329 3178 531 3247 MaximusTyr.
541 3178 634 3230 XXVI
640 3178 787 3231 etxxxn.
800 3183 812 3247 ΙΙ
822 3198 891 3247 -9.
899 3198 958 3249 σρο-

173 3256 228 3327 δροί
247 3256 319 3322 cod.;
339 3275 391 3309 em.
406 3255 545 3309 Salmasius
562 3274 589 3327 p.
606 3258 668 3326 754.
693 3261 703 3326 l
725 3288 761 3297 -
783 3274 824 3313 ιο.
837 3258 958 3311 πλατυ-

173 3337 350 3406 πρόσωποι,
367 3335 501 3397 ἐννοίαις
515 3334 548 3387 δὲ
560 3335 696 3407 λῷστοι]
712 3336 958 3407 πλατυπρθσωποιεν-

174 3435 216 3485 μοι
228 3414 260 3477 εἰς
271 3416 340 3477 τέλος
350 3434 377 3468 τε
391 3413 477 3476 αθτους
487 3414 602 3485 λέγεσθαι
616 3415 644 3467 Σ,
659 3414 751 3467 codex.
763 3416 902 3469 Salmasius
911 3418 928 3469 l.
938 3417 956 3481 l,

173 3493 282 3547 dederat
297 3511 304 3547 ι
317 3494 534 3565 πλασιπρόσωττοι,
551 3493 619 3564 σιμοί
634 3492 666 3555 είς
675 3492 753 3558 τέλος,
767 3492 887 3556 αθτοῖιςδὲ
900 3494 956 3565 λεγ.

172 3572 214 3638 Σ.,
233 3596 244 3622 ι
260 3590 354 3643 parum
365 3590 502 3643 prospere,
515 3590 577 3624 nam
591 3583 617 3624 et
630 3574 699 3643 σιμοί
713 3571 838 3642 junctura
853 3585 924 3626 caret
933 3585 960 3626 et

173 3650 364 3704 obscurumoet
373 3650 406 3712 εἰς
419 3651 498 3715 τέλος,
507 3669 556 3703 nec
565 3651 709 3705 infinitivus
721 3652 800 3705 habet
811 3653 881 3706 unde
893 3671 957 3724 pen·

173 3729 243 3782 (leat.
267 3730 401 3783 Sententia
421 3729 474 3782 [erc
494 3732 580 3800 poscit
596 3748 601 3783 :
618 3731 721 3802 ὀνόματι
732 3733 758 3785 δέ
777 3751 849 3801 φασιν
872 3731 959 3795 αὐτους

173 3808 288 3878 λέγεσθαι
299 3809 339 3860 vel
355 3808 457 3861 similia.
476 3833 487 3854 ι
506 3812 720 3863 Bsnxasnnrns.
736 3812 845 3863 Vossius
856 3811 889 3863 ad
901 3814 958 3863 tte·

173 3887 224 3939 lam
238 3890 288 3950 111,
299 3906 315 3956 7
326 3885 395 3957 conj.
410 3903 417 3939 :
432 3887 648 3957 πλατυπρόσωποι,
658 3888 745 3953 ἐννεολ,
759 3888 791 3949 εἰς
799 3888 869 3951 τελος
877 3908 903 3941 τε
918 3888 959 3941 αιί-

173 3964 229 4025 τοὶις
239 3963 295 4033 λεγ.
307 3964 427 4030 Βησάδας.
445 3963 526 4031 Quod
543 3982 591 4033 ego
608 3963 669 4016 dedi
687 3964 720 4017 ad
731 3964 825 4017 tradita
837 3967 958 4035 proxime

172 4042 296 4097 accedere
313 4041 460 4096 videbatur.
481 4043 521 4095 Cf.
543 4043 642 4096 Plinius
656 4046 705 4108 VI,
725 4061 757 4097 ar
778 4050 868 4097 :Seres
881 4046 957 4097 mites

172 4121 276 4193 quidem
292 4120 340 4173 sed
356 4132 381 4173 et
398 4119 451 4193 ipsi
459 4120 531 4190 serm
535 4120 684 4194 persimiles
701 4132 793 4174 coetum
803 4122 957 4193 reliquorum

172 4202 322 4254 mortalium
327 4200 446 4269 fugiunt,
455 4200 608 4253 commercio
616 4212 777 4273 exspectant.
789 4200 857 4254 Mela
863 4205 913 4266 111,
925 4221 955 4272 7:

171 4282 241 4331 Seres
247 4278 439 4350 geritisplennm
447 4278 570 4349 justitia,
583 4298 616 4331 ex
625 4280 793 4343 commerciis,
804 4281 875 4353 quod
883 4283 958 4336 rebus

173 4357 200 4409 in
213 4357 354 4411 solitudine
365 4356 464 4411 relictis
475 4359 567 4411 absens
581 4359 697 4432 peragit,
708 4359 884 4415 notissimam.
899 4362 937 4429 Ση
945 4393 957 4404 -

172 4437 279 4509 odrae]
291 4440 352 4507 [eg.
364 4436 418 4490 vid.
434 4438 545 4504 Βησάτας
559 4438 599 4491 vel
613 4439 731 4505 Βησάδας.
745 4438 786 4493 Cf.
802 4440 956 4495 Ptolemaeus

171 4516 233 4579 Vll,
250 4533 273 4580 r,
297 4518 327 4569 15
344 4516 427 4569 :lllsll’
441 4517 484 4578 οθς
496 4516 555 4587 ίιπὲρ
573 4517 616 4570 τὸν
630 4518 772 4589 Μαίανδρον
786 4519 900 4586 Τιλάόαι,
912 4542 956 4573 κα-

171 4590 243 4644 λοῦσι
254 4592 280 4645 δὲ
293 4594 369 4654 οὕτως
379 4595 435 4656 τοὺς
448 4596 580 4662 baselice·
596 4595 643 4649 eloi
658 4596 707 4668 γὰρ
720 4598 823 4651 κολοθοὶ
838 4600 879 4652 καί
893 4599 956 4653 πλα-

172 4671 274 4731 τεῖςκαλ
294 4671 509 4744 πλατυπρόσωποι,
535 4674 620 4728 λευκοὶ
643 4677 727 4746 μέντοι
748 4677 791 4739 τὰς
808 4680 892 4748 χρόας.
912 4679 954 4733 ld.

172 4752 187 4817 §
202 4766 233 4819 17
249 4765 256 4801 τ
276 4747 431 4820 ’λ’πέρκειται
444 4753 613 4820 πλησιάζουσα
626 4758 679 4816 τοῖς
688 4756 863 4827 Βησυγγείταις
874 4761 884 4825 (
896 4759 954 4829 sic)

1003 601 1074 654 haud
1086 611 1125 654 est
1142 600 1229 666 facilc,
1245 620 1305 654 raro
1328 601 1390 655 inde
1411 603 1488 674 pauci
1506 601 1614 672 quidam
1635 601 1791 655 adveniunt.

1002 704 1076 754 lacet
1090 701 1162 754 locus
1173 703 1223 755 sub
1240 703 1336 755 Ursam
1350 703 1489 767 minorem,
1504 701 1638 772 ferturque
1652 705 1795 755 contenui-

1004 823 1054 858 nus
1068 823 1123 858 esse
1135 806 1230 858 aversis
1241 791 1360 876 partibus
1371 807 1450 858 Ponti
1464 817 1489 859 et
1504 808 1583 858 maris
1602 807 1706 878 Caspii,
1718 807 1795 876 juxta

1004 906 1076 978 quod
1090 918 1128 959 est
1142 908 1191 960 sita
1201 908 1303 960 Maeous
1322 907 1414 978 palus,
1436 925 1494 978 quae
1515 910 1542 960 in
1555 910 1691 962 Oceanum
1705 909 1794 962 elluu-

1005 1010 1087 1064 ditur.

1040 1115 1083 1168 65.
1099 1116 1248 1184 Quotannis
1262 1124 1350 1168 autem
1359 1113 1393 1169 ad
1407 1113 1521 1168 confinia
1533 1115 1627 1168 'Ilrinis
1645 1133 1710 1184 gens
1722 1133 1795 1186 qua-

1004 1206 1065 1259 dam
1077 1225 1226 1261 commeare
1239 1207 1304 1260 solet
1321 1207 1461 1260 hominum
1479 1224 1590 1276 corpore
1601 1207 1713 1277 pusillo,
1729 1207 1796 1260 facie
1873 1245 1874 1250 ,

1004 1295 1148 1350 admodum
1163 1298 1225 1362 lata,
1240 1307 1328 1350 mente
1342 1308 1430 1350 mmen
1443 1298 1595 1362 mitissima,
1609 1315 1677 1368 quos
1695 1300 1796 1352 sanas

1005 1391 1015 1454 (
1026 1387 1140 1441 Besadas
1153 1388 1162 1460 )
1177 1399 1281 1454 vocant,
1302 1388 1363 1440 seris
1383 1389 1518 1442 assimiles.
1556 1388 1712 1442 Adveniunt
1732 1409 1794 1442 cum

1004 1482 1130 1534 uxoribus
1150 1493 1175 1534 et
1192 1481 1290 1544 liberis,
1306 1499 1413 1550 magnas
1427 1491 1560 1553 portantes
1574 1483 1691 1536 sarcinas
1702 1495 1728 1536 et
1744 1485 1793 1536 sir·

1005 1590 1066 1644 peas
1078 1572 1169 1625 viridis
1183 1573 1242 1625 vitis
1252 1572 1320 1624 loliis
1331 1571 1529 1643 comparandas.
1568 1572 1672 1627 Deinde
1687 1575 1716 1626 in
1731 1593 1796 1628 con·

1004 1663 1073 1718 liniis
1084 1682 1137 1718 suae
1149 1666 1266 1736 ipsorum
1281 1675 1308 1718 et
1325 1665 1419 1718 Thinis
1438 1665 1551 1734 regionis
1565 1667 1661 1719 alicubi
1674 1686 1794 1720 commo-

1004 1765 1091 1806 rantes
1099 1773 1147 1826 per
1155 1753 1211 1806 dies
1219 1754 1318 1825 aliquot
1327 1753 1391 1806 fasta
1396 1765 1475 1824 agunt
1484 1755 1620 1808 substratis
1629 1757 1678 1808 sibi
1689 1759 1793 1827 sirpcis,

1004 1858 1030 1899 et
1039 1845 1135 1898 deinde
1147 1847 1174 1897 in
1186 1845 1243 1898 loca
1258 1845 1383 1898 interiora
1392 1844 1426 1898 ad
1435 1863 1496 1898 suos
1507 1857 1685 1900 revertuntur.
1723 1849 1793 1900 Tum

1005 1957 1067 1992 vero
1079 1939 1174 1991 Thinis
1185 1938 1286 2002 incolae,
1295 1937 1432 1990 observato
1445 1938 1549 1992 illorum
1563 1938 1689 2004 discessu,
1701 1958 1793 1993 accur-

1005 2038 1090 2081 rentes
1102 2038 1181 2080 strata
1194 2029 1243 2080 ista
1257 2027 1398 2098 colligunt,
1411 2038 1437 2080 ct
1450 2047 1482 2080 ex
1496 2027 1610 2093 calamis,
1623 2047 1690 2099 quos
1704 2040 1793 2100 petros

1004 2119 1150 2189 appellant,
1169 2119 1257 2170 nervis
1272 2117 1397 2188 librisque
1410 2119 1541 2184 extractis,
1559 2129 1585 2172 et
1605 2119 1672 2172 soliis
1695 2121 1721 2172 in
1740 2122 1794 2188 glo-

1005 2207 1080 2260 bulos
1094 2206 1240 2260 convolutis
1252 2217 1278 2259 et
1286 2207 1456 2278 complicatis,
1472 2207 1631 2282 calamorum
1645 2207 1720 2262 libris
1734 2209 1793 2262 solia

1004 2297 1147 2367 trajiciunt.
1184 2297 1247 2349 Tria
1260 2307 1348 2350 autem
1358 2295 1426 2350 fiunt
1436 2314 1547 2366 generem
1563 2297 1636 2369 quod
1646 2318 1677 2352 cx
1693 2301 1793 2372 majore

1003 2394 1032 2447 fit
1040 2394 1112 2460 solio,
1120 2393 1337 2464 hadrosphaerum
1347 2393 1537 2446 malabathrum
1550 2395 1664 2460 dieitur;
1674 2397 1749 2467 quod
1761 2417 1792 2450 cx
1878 2445 1879 2448 ,

1003 2489 1145 2554 mediocri,
1168 2489 1385 2560 mesosphaerum,
1407 2489 1480 2560 quod
1500 2507 1534 2543 ex
1560 2493 1678 2558 minore,
1696 2495 1792 2548 micro-

1003 2702 1075 2772 quod
1087 2703 1140 2752 sive
1157 2709 1315 2754 structuram
1330 2699 1471 2752 verborum
1489 2702 1543 2753 sive
1556 2719 1661 2756 sensum
1680 2719 1791 2776 spectes,
1879 2757 1880 2760 ,

1003 2779 1107 2832 admitti
1121 2781 1222 2849 nequit.
1241 2779 1351 2831 Vossius
1368 2778 1403 2832 ad
1422 2778 1518 2832 Melam
1534 2779 1551 2832 l.
1571 2779 1589 2831 l.
1604 2781 1675 2852 conj.
1692 2801 1699 2836 :
1715 2805 1740 2854 ρ.
1763 2808 1789 2857 μ.
1879 2793 1880 2798 ’

1003 2859 1125 2928 πετρῶνάς
1134 2858 1155 2910 τ’
1167 2856 1350 2929 ὠμαμπελίνων
1361 2857 1539 2927 παραπλησίας.
1552 2880 1562 2907 ι
1574 2860 1707 2915 Dicuntur
1719 2883 1790 2928 vero,

1002 2938 1049 3002 ait,
1065 2942 1183 3007 πετρῶνες
1196 2956 1211 2989 a
1223 2936 1328 2989 calamis
1343 2936 1547 3001 malabathrinis,
1564 2956 1631 3008 quos
1644 2952 1734 3011 petrns
1748 2964 1792 2997 ιο.

1003 3017 1056 3068 cari
1079 3015 1179 3069 scribit.
1195 3017 1206 3086 ΙΙ
1223 3046 1259 3056 -
1277 3015 1319 3068 15.
1338 3021 1397 3067 τῶν
1418 3012 1486 3087 tet]
1509 3022 1558 3070 τῶν
1578 3016 1624 3071 ὑπὸ
1643 3020 1705 3074 cod.
1731 3024 1741 3091 ΙΙ
1757 3056 1791 3065 -

1006 3096 1046 3147 15.
1068 3094 1295 3165 ἑορτάζουσιν]
1312 3094 1458 3164 ἁρπάζουσιν
1470 3094 1543 3160 cod.;
1557 3096 1728 3168 probabiliter
1737 3120 1789 3156 em.

1002 3174 1122 3228 Vossius.
1140 3176 1198 3243 ll—
1215 3178 1256 3228 ιθ.
1277 3179 1376 3227 ταῦτα
1399 3176 1639 3246 δοκεύοντεςῙτ.
1663 3179 1792 3244 δοκοῦντες

1003 3252 1099 3319 συείοις
1115 3253 1139 3307 ol
1156 3253 1182 3305 δὲ
1198 3254 1389 3325 καραδοκοῦντες
1405 3253 1474 3324 conj.
1498 3253 1646 3310 Salmasius.
1667 3259 1790 3313 Ceterum

1003 3332 1117 3386 fabulam
1140 3344 1228 3385 narrat
1241 3343 1343 3386 auctor.
1367 3334 1496 3386 Venerint
1520 3334 1624 3387 Besadae
1643 3334 1677 3388 ad
1699 3339 1791 3393 vicina

1003 3412 1116 3481 regionis
1125 3412 1233 3475 limites,
1256 3420 1285 3463 ut
1303 3409 1494 3465 malabathrum
1514 3411 1666 3468 venderent.
1684 3419 1790 3489 Εκμτιι-

1003 3487 1101 3541 debant
1115 3491 1142 3542 in
1152 3488 1273 3541 confiniis
1289 3508 1401 3557 merces;
1416 3500 1473 3543 tum
1487 3490 1654 3558 recedebant,
1667 3504 1697 3547 ut
1708 3508 1791 3549 emto-

1003 3587 1044 3620 res
1057 3571 1171 3640 pretium
1184 3580 1355 3639 apponerent,
1370 3580 1441 3623 muta
1453 3571 1501 3623 ista
1513 3574 1664 3624 commercii
1677 3576 1789 3641 ratione,

1002 3664 1081 3716 quam
1094 3659 1120 3700 et
1128 3647 1222 3701 lllelal.
1237 3644 1257 3700 l.'
1270 3648 1427 3715 subindicat,
1437 3661 1464 3703 et
1477 3650 1541 3703 alios
1551 3650 1622 3722 apud
1631 3655 1743 3724 populos
1755 3660 1791 3709 ri-

1003 3727 1087 3793 guisse
1099 3726 1165 3779 bene
1178 3738 1270 3779 notum
1280 3738 1328 3780 est.
1343 3732 1353 3797 11
1366 3727 1683 3793 -υολξινιάσαντες
1696 3734 1789 3807 κτλ]

1002 3806 1175 3877 Salmasiusp.
1188 3807 1239 3877 754
1253 3823 1258 3858 :
1271 3828 1281 3855 ι
1295 3807 1472 3871 Dioscorides,
1481 3807 1527 3860 ubi
1538 3809 1571 3861 de
1581 3810 1745 3865 malobathro
1755 3814 1790 3867 lo-

1002 3886 1092 3954 quitur
1108 3902 1114 3937 :
1129 3886 1187 3954 θπερ
1202 3884 1362 3955 συλλέγοντες
1374 3886 1488 3956 διείρουσι
1508 3886 1605 3959 λίνῳ...
1617 3889 1737 3944 Isidorus
1756 3893 1789 3945 ele

1002 3964 1095 4016 eodem
1108 3964 1268 4017 malabathro
1281 3981 1286 4016 :
1301 3965 1405 4017 Folium
1414 3965 1524 4029 dictum,
1537 3966 1608 4038 quod
1615 3968 1672 4021 sine
1682 3971 1738 4022 ulla
1749 3992 1791 4024 m-

1002 4041 1058 4095 dicc
1075 4043 1198 4095 innotans
1209 4044 1236 4095 in
1244 4043 1330 4096 Indice
1341 4043 1463 4098 litoribus
1474 4046 1617 4113 colligitur,
1636 4048 1691 4101 lino
1698 4052 1789 4121 μαζίο-

1002 4132 1088 4173 ratum
1097 4121 1199 4174 siccant
1209 4120 1271 4174 Indi
1281 4134 1358 4194 atque
1367 4135 1502 4195 reponunt.
1514 4129 1615 4178 Auctor
1623 4128 1720 4198 Peripli
1734 4148 1789 4182 non

1002 4200 1055 4252 lino
1066 4201 1192 4271 perforari
1205 4218 1235 4253 ae
1245 4200 1327 4271 trajici
1337 4202 1438 4273 pillulas
1448 4204 1511 4269 illas,
1520 4223 1579 4275 quae
1588 4223 1620 4257 ex
1630 4207 1788 4262 malabathri

1001 4278 1069 4331 foliis
1081 4279 1316 4344 concionabantur,
1327 4279 1373 4331 scd
1386 4282 1448 4351 ipsis
1461 4284 1549 4335 nervis
1560 4285 1614 4336 sive
1626 4284 1700 4337 tibris
1722 4288 1790 4341 cala·

1002 4375 1106 4411 morum
1120 4360 1173 4411 sive
1192 4360 1323 4430 virgarum
1337 4358 1505 4427 malabathri;
1520 4362 1645 4433 καλάμους
1658 4366 1730 4419 enim
1742 4387 1789 4419 νο-

1001 4449 1042 4490 cat
1050 4439 1133 4506 virgas
1140 4438 1209 4508 ipsas
1215 4457 1246 4491 ac
1254 4439 1372 4492 surculos
1379 4439 1474 4509 quibus
1482 4441 1615 4495 horrebant
1624 4444 1693 4496 lolia.
1706 4450 1788 4517 Atqui

1001 4534 1033 4568 ex
1043 4518 1104 4587 ipsis
1118 4516 1185 4569 toliis
1198 4518 1276 4571 fibras
1288 4519 1343 4571 illas
1361 4521 1415 4571 sive
1429 4538 1523 4573 nervos
1536 4520 1662 4576 desciant.
1676 4525 1735 4577 Hoc
1746 4527 1790 4579 ille

1002 4614 1076 4656 vocat
1088 4602 1222 4669 ἔξινιάζειν,
1237 4605 1289 4658 boc
1302 4616 1340 4659 cst
1354 4604 1410 4668 ἶνας
1423 4608 1569 4661 extrahere.
1584 4632 1596 4657 ιι
1614 4610 1738 4665 Ceterum
1753 4614 1788 4667 dc

1001 4682 1163 4736 malabathro
1182 4683 1415 4758 (ternolapotra),
1429 4686 1502 4758 quod
1514 4688 1578 4741 olim
1590 4688 1656 4740 hetel
1666 4708 1724 4743 esse
1735 4711 1786 4763 pu-

1000 4762 1101 4826 tabant,
1117 4780 1200 4833 quum
1212 4765 1246 4816 sit
1259 4764 1350 4817 lolium
1363 4766 1433 4819 lotari
1443 4768 1552 4830 cassin,
1568 4768 1628 4819 vide
1640 4787 1699 4839 qum
1712 4784 1786 4826 notat

171 4827 278 4899 ιἠΧρυυῆ
288 4830 369 4899 χώρα.
382 4832 512 4886 Palladius
529 4836 569 4887 De
580 4835 738 4888 Brachman.
758 4836 786 4887 in
798 4835 955 4890 Pseudocal-
1002 4844 1138 4895 Liissenius
1157 4843 1218 4895 lntl.
1235 4847 1289 4901 „tte
1304 4848 1325 4907 Ι,
1339 4862 1366 4916 p.
1378 4847 1429 4899 283
1439 4866 1479 4917 sq.
1492 4852 1504 4915 ΙΙ
1515 4852 1602 4911 -οίς,
1618 4848 1787 4921 displiceat.

171 4909 240 4962 listh.
254 4910 304 4973 ΙΙΙ,
314 4912 340 4973 8,
349 4928 376 4979 p.
388 4911 436 4964 103
446 4930 486 4982 sq.
500 4919 566 4966 ιτῶν
576 4914 735 4985 καλουμένων
746 4914 856 4968 uictam
868 4922 915 4969 τῶν
926 4918 955 4970 τὸ
1001 4940 1068 4991 ρον.
1083 4923 1093 4993 ]
1111 4922 1217 4975 Salmas.
1231 4939 1258 4992 p.
1273 4927 1323 4991 754
1340 4942 1345 4975 :
1363 4952 1373 4971 «
1390 4926 1544 4979 lllalabathri
1558 4925 1618 4981 lolia
1628 4929 1690 4982 olim
1710 4932 1736 4983 in
1747 4934 1788 5001 pi-

171 4990 253 5058 πέπερι
260 4990 416 5059 συναγόντων
424 4991 491 5057 κτλ,
500 4992 545 5045 ubi
556 4994 624 5045 vide.
637 4993 647 5060 ΙΙ
655 5024 690 5034 -
701 5010 742 5046 11.
752 5014 819 5065 παρ.
834 4995 890 5063 dtr,
899 5017 917 5067 μ
927 5000 953 5068 .]
1000 4999 1208 5053 lulascouroluta
1218 5020 1313 5055 vertum
1324 5004 1405 5069 ibant,
1417 5016 1443 5059 ct
1457 5006 1506 5059 hac
1517 5005 1600 5059 sonna
1610 5008 1637 5058 in
1649 5010 1784 5079 Europam

171 5072 346 5139 παρομοιοῦσιν
356 5068 455 5140 ἡμέραις
464 5072 601 5137 cod.;cm.
611 5076 759 5127 Salmasius.
773 5077 883 5141 ll—ra.
897 5096 956 5149 ρυρ-
999 5077 1193 5132 adferebantur.
1207 5079 1272 5133 Inde
1283 5082 1354 5153 apud
1366 5084 1531 5156 Didymum:
1556 5085 1650 5155 pilleo
1670 5087 1785 5155 μαλαθά-

172 5148 212 5198 τίοι
232 5148 329 5217 μεγάλα
344 5151 461 5220 τίρπονας
478 5152 661 5222 ὠμαμπελίνων
683 5154 840 5224 παραπλήσια
854 5155 954 5224 codcx;
1001 5158 1058 5228 θρου
1069 5160 1165 5229 σφαιρία
1174 5161 1253 5225 πέντε,
1265 5172 1290 5213 ct
1302 5162 1360 5216 alibi
1372 5166 1481 5235 σραιρίον
1491 5166 1538 5218 έν..
1552 5164 1651 5218 Plinius
1663 5167 1724 5229 ΧΠ,
1736 5172 1783 5228 ati,

171 5244 196 5293 ρ.
213 5244 239 5295 μ.
254 5225 280 5277 ἐν
295 5230 424 5295 ’.αρπόναις
435 5230 618 5299 ὠμαμπελίνων
632 5232 788 5301 παραπλήσια
802 5235 955 5302 Salmmius,
1001 5239 1046 5308 qui
1064 5237 1153 5290 lolium
1169 5238 1243 5291 nardi
1261 5242 1360 5311 putarit
1376 5261 1444 5309 csse,
1460 5261 1543 5314 quum
1557 5245 1589 5296 sit
1606 5242 1776 5297 malabathri-
