3775 5750
191 372 244 424 nr
799 358 848 415 ax
871 352 1180 417 κοντιιιιιειιιιιν
1601 428 1607 437 ,
1740 359 1799 435 (τι.)

108 504 178 555 i‘trot.
225 514 262 553 νο.
278 490 342 551 Ὅτι
354 490 432 570 φησί,
448 491 558 548 Πολλῶν
572 489 742 567 ὑπαρχόντων
759 489 911 563 θαυμασίων
923 488 969 545 καὶ
1050 498 1093 548 80.
1104 499 1195 562 Quum
1211 494 1292 546 multa
1301 495 1352 545 sint
1365 492 1546 546 admirationis
1555 494 1631 564 plena
1640 506 1664 547 et
1675 512 1690 546 a
1701 495 1801 563 vulgari

186 581 276 660 πόρρω
285 578 411 653 κειμένων
425 576 477 634 ἀπὸ
492 581 537 647 τῆς
552 576 703 652 συνηθείας,
720 576 812 641 αὐτοὺς
830 576 969 633 ἰπελεόσο-
1014 580 1204 633 consuetudine
1213 580 1304 650 procul
1316 578 1441 649 sejuncta,
1456 580 1489 631 ad
1502 582 1556 650 ipsa
1566 599 1624 649 quae
1638 599 1801 633 commemo·

187 692 236 745 ματ
250 670 301 724 τῶν
313 668 397 723 τόπων
413 664 470 731 τοὺς
485 664 590 740 μνήμης
605 664 696 731 ἀξίους.
1015 669 1116 720 ratione
1129 668 1209 737 digna
1223 666 1354 719 linirentur
1367 666 1434 731 loca,
1447 667 1543 736 inquit,
1558 685 1600 718 me
1618 667 1767 719 conseram.

228 757 337 835 Πρῶτον
355 754 403 829 μὲν
424 752 469 811 ἀπ’
491 751 622 831 Ἀρσινόης
642 749 799 830 παραθέουσι
822 751 868 822 τὴν
884 750 968 819 δεξιόν
1050 755 1139 807 Primo
1153 754 1242 823 igitur,
1262 754 1354 823 siquis
1370 752 1404 805 ab
1418 754 1529 806 Arsinoe
1540 754 1722 805 continentem
1738 772 1802 824 prr·

161 842 294 922 ςῆπειρον
308 840 390 921 θερμὰ
413 839 528 899 πλείοσιν
543 842 630 904 αὗλοῑς
645 841 673 897 ε’νι
699 838 794 917 πέτρας
820 841 921 917 ὑψηλῆς
934 842 969 906 εἶς
1014 842 1136 893 tercurrit
1154 840 1288 905 dextram,
1301 840 1409 893 therme
1431 838 1550 910 pluribus
1574 857 1623 892 eeu
1654 840 1751 893 fistulis
1772 860 1802 892 ex

16 1046 17 1049 ¹
110 1026 179 1075 laon,
190 1009 329 1087 πελαγίαν,
345 1012 379 1074 ὣς
401 1004 432 1065 ἂν
446 1010 499 1065 τῶν
514 1006 627 1085 ἠπείρων
641 1008 690 1087 οὐχ
709 1006 846 1086 ὁρωμένων
862 1006 909 1064 ἀπ’
925 1008 972 1064 είλ-
1016 1017 1098 1069 sulam
1112 1019 1139 1069 iu
1153 1017 1206 1070 alto
1219 1018 1295 1069 sitam
1309 1014 1396 1086 (νῆσον
1415 1014 1564 1085 πελαγίαν),
1578 1014 1623 1067 uhi
1636 1016 1804 1067 continentes

95 1134 100 1141 ·
186 1097 284 1170 λήλυνν.
329 1096 392 1156 Ἀπὸ
400 1095 427 1153 δὲ
435 1095 527 1155 τούτου
535 1093 565 1152 ri
573 1094 672 1161 πλτίτος
682 1092 722 1151 tet
730 1096 829 1169 μᾶλλον
840 1094 972 1171 σνγκλείε·
1016 1104 1128 1156 invioem
1137 1122 1190 1156 non
1202 1103 1410 1173 conspiciuntur.
1448 1100 1552 1153 Exinde
1563 1100 1675 1155 latitudo
1686 1102 1804 1155 subinde

186 1184 283 1243 ταικαί
293 1182 341 1255 τὴν
351 1183 505 1261 συναγωγὴν
516 1182 571 1261 ἔχει
579 1182 710 1262 μέχριτοθ
719 1180 858 1259 στόματος.
901 1180 971 1241 ‘Odi
1016 1190 1045 1242 lit
1066 1191 1211 1259 angustior,
1230 1206 1310 1259 seque
1322 1186 1355 1241 ad
1376 1188 1473 1240 ostium
1489 1205 1572 1257 usque
1589 1187 1733 1241 contrahit.
1773 1192 1804 1240 ln

187 1273 342 1350 παράπλους
365 1274 444 1329 αὐτοῦ
468 1269 537 1329 κατὰ
560 1268 670 1335 πολλοὺς
690 1269 783 1335 τόπους
801 1268 856 1349 ἔχει
878 1268 972 1339 νήσους
1017 1276 1084 1330 freto
1099 1277 1155 1349 ejus
1170 1295 1270 1347 magna·
1285 1277 1381 1347 passim
1399 1275 1490 1327 insulae
1502 1275 1643 1341 habentur,
1657 1277 1727 1328 iuter
1738 1294 1804 1345 quas

149 1388 172 1425 tu
188 1359 305 1439 μακρὰς,
322 1357 427 1426 στενοὺς
443 1356 491 1435 μὲν
502 1357 656 1436 διαδρόμους
666 1356 794 1435 ἐχούσας,
809 1360 867 1437 ῥοῦν
880 1359 907 1416 δὲ
922 1380 972 1417 πο·
1016 1365 1120 1417 strictus
1140 1365 1246 1416 navium
1263 1380 1365 1425 cursus,
1382 1370 1409 1414 et
1429 1360 1587 1415 immodicus
1607 1380 1639 1414 ac
1661 1362 1803 1415 vehemens

185 1449 232 1505 λθν
242 1448 287 1505 καί
299 1446 419 1528 σροδρόν.
1016 1452 1095 1503 maris
1106 1450 1201 1503 lluxus.

225 1555 260 1593 aa.
276 1533 309 1593 ‘ll
323 1533 370 1609 μίν
382 1523 426 1592 οὗν
437 1530 624 1612 καφαλαιόνὸης
634 1535 678 1590 τοῦ
690 1532 789 1591 κολπου
800 1530 890 1589 τούτου
903 1528 972 1598 θέσις
1052 1540 1096 1591 80.
1111 1537 1161 1589 llic
1174 1535 1325 1589 summatim
1341 1535 1415 1587 ainus
1434 1532 1503 1586 illius
1518 1534 1585 1586 situs
1602 1544 1651 1586 est.
1691 1532 1803 1604 Acujus

188 1622 301 1701 ὑπάρχει
328 1619 448 1693 τοιαύτη.
492 1619 585 1692 Ἡμεῖς
602 1619 626 1676 δ’
649 1618 701 1677 ἀπὸ
715 1622 767 1676 τῶν
786 1619 906 1697 tegetem
925 1624 972 1677 τοῦ

188 1714 274 1787 μυχοῦ
291 1704 378 1766 τόπων
393 1706 533 1787 ἀρξόμενοι
550 1706 593 1765 τὸν
609 1704 649 1786 ἐρ’
668 1704 780 1785 ίκνίτερα
795 1706 828 1764 rit
844 1706 910 1784 μίρη
923 1726 972 1761 τια-

149 1822 172 1865 ιη
188 1797 303 1875 ραίπλουν
320 1798 370 1853 τῶν
385 1794 498 1875 ἠπείρων
512 1793 557 1852 καὶ
571 1792 617 1860 τθς
632 1792 840 1871 ἀξιολογωτάτας
852 1792 910 1851 κατ’
923 1792 970 1849 αὖ·
1015 1798 1042 1840 et
1053 1784 1242 1859 quodsingulis
1258 1784 1321 1836 insit
1330 1783 1443 1855 proprii,
1458 1799 1506 1834 001¹
1526 1781 1747 1854 preterlegend0‚
1763 1802 1803 1835 re·

1015 1659 1222 1715 extremitatibus
1234 1676 1283 1712 nos
1291 1658 1388 1721 exorsi,
1402 1658 1541 1726 utriusque
1555 1658 1717 1709 mutinemis
1730 1676 1802 1721 oras,

194 1913 1795 1943 Μ.-

186 1997 260 2049 ιιίιιιτν
270 2006 308 2049 eat
316 1996 413 2066 Μαρίαν
423 1992 733 2063 δυαπελαγίαν,ιιίεἰεγυοτλ
744 1990 971 2045 uuusliberhabet
1017 1987 1050 2041 ad
1064 1990 1185 2041 Moratur
1196 1986 1305 2037 Joannis
1316 1983 1350 2035 de
1370 1983 1463 2036 castro
1482 1982 1571 2035 retulit
1589 1982 1752 2036 Gosselinus.
1770 1989 1802 2037 At

187 2077 221 2129 ll.
234 2075 415 2145 δυσπελάγιον,
436 2072 501 2126 alius
515 2072 657 2143 Μαριάνδης
670 2072 798 2139 πελάγιον.
819 2072 971 2123 lectionem
1015 2070 1121 2120 trumo
1130 2064 1245 2118 fortassis
1258 2061 1350 2115 eadem
1362 2072 1402 2113 eet
1412 2076 1473 2113 eum
1484 2065 1599 2114 Amarat
1609 2062 1659 2113 ins.
1669 2062 1697 2114 in
1708 2082 1802 2135 mappa

186 2155 314 2225 Μακαρίαν
338 2150 372 2207 ad
403 2154 547 2221 marginem
576 2160 711 2204 notaverat
732 2149 889 2221 Stephanus,
906 2166 971 2201 num
1014 2147 1162 2216 Moresbyi;
1173 2142 1326 2215 quaeinsula
1337 2143 1389 2194 situ
1401 2158 1450 2193 suo
1463 2142 1552 2193 minus
1565 2142 1698 2193 convenit.

187 2252 218 2286 ex
235 2234 360 2287 alterutro
376 2230 491 2283 duorum
514 2228 637 2282 codicum
651 2229 924 2291 Clarimontanorum,
938 2244 972 2278 ex
1050 2228 1124 2293 580.
1152 2227 1183 2276 lu
1207 2221 1325 2292 sequenti
1346 2238 1399 2272 ome
1416 2218 1608 2288 Troglodyticae
1626 2218 1802 2290 descriptione

188 2311 284 2381 quibus
307 2311 415 2362 varietas
429 2308 570 2361 lectionum
589 2310 611 2360 ei
625 2318 719 2379 praesto
733 2317 798 2370 erat,
811 2323 844 2357 an
858 2322 889 2356 ex
907 2322 971 2356 eon·
1016 2321 1177 2374 quamquam
1195 2301 1331 2371 complura
1345 2300 1464 2351 omisisse
1475 2297 1623 2349 Diodorum
1637 2308 1665 2350 et
1677 2299 1800 2352 Photium

183 2388 295 2459 jectum,
308 2389 405 2441 neseio.
421 2388 488 2439 Utut
501 2396 550 2451 est,
563 2386 692 2456 Μακαρίαν
706 2383 817 2437 insulam
832 2400 864 2435 ex
886 2380 972 2435 Ptole·
1015 2391 1219 2435 consentaneum
1231 2389 1279 2443 est,
1298 2378 1335 2430 ita
1348 2387 1436 2430 tamen
1451 2378 1588 2446 utriusque
1598 2386 1722 2446 excerpta
1735 2379 1801 2429 inter

188 2469 245 2521 mari
264 2466 407 2520 insularum
421 2464 537 2534 catalogo
557 2466 606 2527 tv,
624 2483 650 2534 7,
670 2482 698 2535 p.
722 2464 812 2527 306,2,
834 2478 972 2531 pemeram
1015 2462 1313 2527 seconeinuut,utquae
1332 2457 1411 2523 luerit
1421 2455 1579 2508 narrationis
1588 2455 1802 2523 Agatharchideae

187 2546 281 2599 illatam
296 2564 350 2599 esse
363 2562 470 2607 oensem
484 2561 565 2613 quare
575 2545 687 2614 priscam
700 2542 837 2595 lectionem
852 2540 899 2591 etsi
914 2540 971 2590 vitii
1015 2542 1083 2593 ratio
1097 2551 1124 2591 et
1143 2537 1245 2591 indoles
1260 2536 1334 2589 facile
1353 2534 1519 2603 intelligatur.
1544 2535 1679 2587 Nimirum
1699 2554 1754 2587 non
1775 2536 1799 2587 id

187 2642 240 2677 non
256 2642 362 2677 vacuam
378 2621 481 2675 reduxi.
494 2622 533 2673 Ex
546 2622 745 2691 Agatharchidis
765 2618 910 2672 rationibus
924 2635 971 2669 ora
1015 2621 1067 2689 egit
1080 2629 1181 2682 auctor,
1197 2628 1227 2669 ut
1245 2614 1347 2686 justum
1361 2615 1504 2685 παράπλοον
1521 2614 1622 2683 singula
1633 2630 1745 2685 quaeque
1761 2635 1800 2667 rr·

186 2702 210 2753 Τ
212 2701 370 2772 reglodytica
392 2710 462 2753 reeta
483 2700 537 2752 scre
551 2700 618 2752 linea
629 2700 766 2753 meridiem
787 2714 876 2750 versus
887 2696 972 2748 tendit
1015 2709 1164 2751 censentem
1177 2706 1337 2759 contexeret,
1350 2693 1396 2747 sed
1414 2703 1508 2764 praeter
1519 2692 1631 2762 majores
1650 2712 1704 2747 orae
1720 2696 1800 2746 {lexu-¹

190 2797 271 2849 usque
283 2781 316 2832 ad
325 2782 428 2832 Tauros
438 2788 540 2843 montes
552 2778 681 2849 (Gaurum
695 2780 749 2831 sive
757 2776 885 2846 Taurum)
899 2793 974 2829 mon-
1016 2776 1195 2829 memorabilia
1208 2774 1328 2846 quedam
1341 2770 1514 2842 mirandaque
1529 2772 1647 2825 attulisse
1657 2772 1752 2825 habuit
1761 2794 1798 2825 sa·

187 2870 240 2912 tem
255 2858 320 2910 dicit
330 2856 485 2912 Ptolemaeus
497 2860 522 2926 );
545 2856 608 2910 hinc
626 2875 688 2910 vero
703 2873 791 2910 versus
805 2856 931 2909 orientem
946 2866 972 2908 et
1016 2857 1058 2910 tis.
1081 2859 1171 2927 ltaque
1184 2873 1217 2908 ex
1235 2872 1331 2923 magno
1345 2855 1395 2906 isto
1410 2851 1588 2924 oppidorum,
1603 2861 1744 2922 portuum,
1760 2871 1799 2903 re·

189 2939 312 2992 Aralriam
328 2937 560 3008 deflectitur(§84
575 2935 973 3008 i.Satisindecolligiturmaxi·
1016 2938 1153 2988 nationum
1177 2951 1299 2996 numero,
1321 2950 1400 3002 quem
1414 2931 1485 3001 apud
1508 2929 1725 2994 Artemidorum,
1740 2933 1799 2982 scri·

189 3035 258 3069 mam
272 3019 345 3070 sinus
356 3015 520 3069 latitudinem
539 3016 572 3069 ad
584 3016 718 3084 angulum,
730 3033 808 3086 quem
819 3032 871 3066 orae
890 3015 973 3066 flexus
1016 3026 1118 3084 ptorem
1128 3013 1181 3066 sere
1189 3029 1339 3083 supparem,
1347 3011 1431 3078 legere
1442 3021 1490 3072 est,
1500 3007 1615 3062 duorum
1622 3009 1798 3067 solummodo,

188 3097 335 3160 eilieit‚esse
344 3094 522 3167 quaerendam.
534 3096 653 3164 Angulus
663 3113 725 3147 vero
735 3094 776 3146 ille
784 3103 823 3146 est
836 3091 923 3164 paullo
933 3095 973 3145 in·
1015 3093 1179 3164 lllyoshormi
1191 3103 1217 3143 et
1228 3088 1405 3152 ptolemaidis,
1418 3091 1519 3142 mentio
1531 3088 1658 3157 injicitur,
1669 3100 1696 3142 et
1709 3109 1744 3142 ne
1756 3090 1800 3142 lms

189 3175 227 3228 ira
237 3174 390 3227 hodiernam
401 3173 494 3226 urbem
503 3173 611 3235 Saralin,
626 3173 658 3226 ad
669 3190 747 3244 quam
757 3172 858 3224 Tauros
869 3182 972 3223 montes
1016 3172 1124 3242 quidem
1136 3179 1295 3223 memoratos
1308 3187 1364 3220 esse
1374 3167 1526 3232 credideris,
1542 3169 1592 3220 nisi
1605 3167 1646 3218 ille
1656 3167 1690 3220 ad
1703 3168 1800 3220 radices

188 3253 326 3325 ponendos
338 3271 394 3306 esse
415 3252 514 3324 reliqua
531 3252 649 3304 locorum
668 3271 710 3323 ap.
733 3250 929 3304 Artemidorum
946 3262 973 3302 et
1016 3254 1081 3302 sitm
1099 3259 1165 3302 esset
1185 3249 1282 3301 montis
1300 3245 1366 3300 adeo
1388 3247 1529 3311 mtilantis,
1544 3259 1574 3298 ut
1591 3246 1682 3298 oculos
1699 3247 1801 3300 laderrt

187 3334 355 3387 Ptolemaeum
368 3334 446 3384 series
467 3331 552 3383 docet.
574 3332 667 3401 Ibique
689 3349 778 3383 revera
796 3340 834 3382 est
859 3330 971 3381 maxima
1017 3331 1191 3392 intuentium,
1208 3327 1347 3381 Ptolemais
1359 3343 1421 3378 vero
1435 3326 1571 3378 observata
1585 3325 1622 3376 ibi
1638 3327 1710 3378 eirca
1722 3327 1800 3378 solsti-
1873 3366 1874 3369 ,

187 3414 259 3465 sinus
282 3413 402 3466 latitudo.
425 3415 514 3480 Quare
536 3411 655 3480 Τύρκαιον
681 3413 736 3480 ὄρος
762 3427 816 3460 non
837 3408 971 3460 diversum
1012 3409 1046 3466 ,tii
1060 3420 1164 3480 tempus
1180 3407 1335 3459 umbrarum
1358 3407 1460 3457 ratione
1480 3423 1577 3456 nomen
1601 3404 1672 3474 apud
1697 3423 1800 3474 geogra-

188 3492 265 3545 suerit
280 3492 313 3544 ab
328 3490 434 3560 eojugo
447 3489 519 3560 quod
532 3489 599 3542 inira
614 3492 692 3557 (584
708 3493 717 3556 )
732 3489 822 3558 Ταῦροι
833 3498 973 3540 voratura
1017 3489 1083 3558 plros
1103 3497 1178 3540 nacta
1198 3486 1275 3539 soret.
1291 3485 1330 3538 Ne
1347 3487 1485 3536 Berenices
1498 3483 1621 3554 quidem,
1637 3483 1800 3536 celeberrimi

188 3571 293 3633 Plautio,
310 3569 478 3622 Artemidoro
488 3578 514 3620 et
530 3569 587 3638 ipso
605 3570 682 3640 etiam
698 3567 826 3630 Diodoro,
838 3569 886 3619 nisi
900 3566 972 3636 quod
1018 3579 1081 3620 tunc
1100 3566 1223 3637 emporii,
1244 3574 1366 3634 excerpta
1389 3565 1583 3627 meminerunt,
1609 3579 1694 3632 quum
1715 3573 1800 3615 tamen

187 3643 258 3720 n‘putl
271 3649 343 3700 huuc
357 3648 449 3718 optimi
464 3644 567 3697 codices
581 3655 633 3698 tres
648 3649 658 3712 (
672 3647 738 3699 Aac
752 3644 882 3697 Dindorlii
898 3647 909 3713 )
923 3663 973 3715 pro
1017 3657 1226 3698 commemorent
1235 3645 1347 3696 vicinam
1361 3643 1386 3694 ei
1401 3641 1582 3713 peninsulam,
1597 3641 1673 3712 cujus
1684 3658 1735 3712 per
1749 3661 1802 3694 cer·

108 3751 112 3758 ·
188 3727 287 3794 Ταύρων
298 3725 338 3776 liis
349 3722 835 3795 prmlrentTauptatir.Undeprobabile
845 3724 874 3774 iit
883 3735 974 3777 nostro
1019 3727 1101 3778 vicem
1122 3725 1223 3792 navigia
1236 3720 1483 3775 transducebantur.
1497 3718 1700 3773 Monendalrmc
1715 3733 1802 3784 erant,

181 3819 294 3874 'quoque
314 3803 372 3855 loco
394 3821 444 3873 pro
456 3803 575 3872 Τύρκαιον
596 3803 722 3872 seriptum
742 3803 821 3854 luisse
842 3801 971 3872 Ταυρικὸν.
1018 3823 1051 3856 ne
1062 3802 1215 3874 quisdenuo
1227 3804 1254 3854 in
1262 3818 1363 3854 errores
1372 3799 1500 3852 incideret
1508 3799 1803 3864 Gosseliui‚Mannerti,

189 3882 307 3951 Angnlus
319 3882 360 3934 ille
370 3883 456 3934 sinum
466 3881 556 3944 eilieit,
567 3898 645 3951 quem
661 3891 721 3933 ante
733 3879 919 3934 Ptolemaidem
934 3901 974 3933 re·
1018 3884 1140 3947 aliorum,
1151 3883 1208 3952 qui,
1219 3880 1341 3950 neglectis
1351 3879 1475 3932 omnibus
1484 3896 1543 3949 quae
1551 3877 1667 3931 deaetate
1677 3881 1803 3947 Agathar-

189 3979 297 4013 rensens
308 3961 407 4013 Plinius
417 3961 484 4028 (Vl,
496 3961 527 4011 35
539 3962 549 4029 )
560 3960 647 4012 multis
657 3960 781 4012 refertum
797 3957 861 4012 dicit
872 3961 972 4025 insulis,
1018 3960 1103 4014 chidis
1115 3957 1221 4012 aliunde
1240 3968 1375 4028 comperta
1392 3957 1529 4020 halremus,
1549 3975 1581 4008 ex
1596 3974 1649 4008 ore
1659 3957 1804 4028 Troglody-

188 4057 300 4108 quarum
313 4038 346 4091 de
356 4040 431 4107 regiis
445 4038 571 4110 pireieetis
585 4057 689 4110 αριιαναι
701 4049 798 4092 voeatae
807 4041 859 4092 sint
870 4041 972 4102 Mareu,
1019 4043 1076 4092 ticae
1087 4029 1263 4108 descriptione
1271 4037 1356 4106 colligi
1368 4036 1508 4089 voluerunt
1521 4035 1622 4088 nullum
1635 4035 1706 4088 ultra
1723 4037 1804 4090 Ptole·

187 4118 306 4172 sitientes
317 4119 468 4185 Emoriar(
478 4118 577 4171 Martis
586 4128 611 4170 et
624 4117 744 4178 Arantia,
755 4117 893 4179 ldmnris,
908 4117 972 4170 iuss.
1019 4117 1132 4170 anaidem
1146 4115 1274 4187 oppidum
1292 4116 1331 4168 vel
1343 4125 1450 4186 portum
1463 4112 1650 4183 Agatharchidi
1669 4117 1804 4182 cognitum

189 4197 215 4250 in
226 4200 323 4266 Geogr.
341 4199 405 4250 ilar.
425 4199 461 4259 V,
478 4199 531 4264 18).
547 4199 614 4249 Cum
635 4197 676 4250 liis
688 4197 871 4268 componenda
891 4195 974 4268 Μαρία
1019 4197 1107 4261 fnisse,
1118 4196 1232 4267 ideoque
1246 4205 1368 4265 tempora
1380 4193 1435 4263 ejus
1448 4192 1482 4246 ad
1495 4193 1628 4246 erotemaet
1641 4193 1713 4245 tertii
1728 4212 1805 4264 quar·

191 4275 351 4345 (litigari)
372 4273 493 4326 Diodori.
515 4275 638 4326 Mrtmtrn
664 4275 773 4327 insulam
798 4275 825 4326 in
846 4275 897 4326 hoc
914 4276 974 4327 sinu
1019 4278 1092 4346 tique
1107 4293 1186 4345 regna
1206 4273 1539 4341 removendaessell-l.
1556 4270 1606 4324 ἀπ’
1625 4269 1804 4344 ’λρσινόης]

190 4355 289 4406 notavit
300 4355 361 4404 Don
374 4355 442 4405 Juan
450 4351 484 4404 de
495 4355 587 4406 Castro
594 4371 601 4416 ;
615 4355 661 4406 etsi
671 4371 791 4424 quaenam
803 4353 844 4406 illa
852 4355 885 4404 sit
895 4353 975 4406 hodie
1019 4357 1195 4408 Haecnotaest
1205 4353 1395 4416 Aminoembs,
1406 4351 1440 4404 ad
1449 4351 1549 4404 exitum
1558 4352 1608 4403 sita
1617 4351 1715 4404 canalis
1725 4358 1735 4419 (
1746 4355 1806 4404 Dio

190 4449 242 4486 non
267 4441 387 4485 constare
414 4441 505 4484 monet
530 4432 663 4501 Berghaus
691 4433 717 4484 in
746 4429 972 4504 Grolqdmgmph.
1019 4433 1079 4487 dor.
1092 4435 1115 4498 1,
1130 4430 1446 4504 33,12;Strabop.735,
1458 4430 1709 4495 aot;t>tin.v1,33
1732 4433 1804 4500 V,9;

189 4511 308 4567 Μενηνία.
324 4529 347 4563 τ.
362 4515 443 4564 Tarte
462 4527 513 4563 voa
526 4510 630 4562 Arabia
651 4529 677 4563 τι,
691 4510 718 4563 d.
736 4508 870 4573 Nillcmde,
884 4527 911 4582 p.
923 4513 972 4576 λίς
1018 4513 1085 4566 Tab.
1105 4517 1192 4576 Peut.;
1207 4513 1269 4564 ltin.
1290 4521 1342 4566 etc.
1360 4515 1381 4580 ).
1402 4508 1586 4564 Artemidorus
1599 4519 1687 4562 autem
1710 4511 1739 4562 in
1761 4529 1805 4563 sua

190 4601 229 4644 tot
242 4592 313 4643 enim
332 4590 368 4642 ibi
383 4605 521 4643 arenarum
535 4599 597 4641 sunt
614 4589 698 4641 taeniae
711 4599 738 4641 et
749 4599 862 4652 meatus,
878 4599 907 4641 ut
920 4591 974 4642 sin·
1019 4594 1092 4646 sinus
1102 4591 1278 4663 descriptione
1288 4593 1404 4663 primum
1415 4599 1543 4643 memorat
1552 4588 1714 4659 Heroopolin
1726 4593 1737 4656 (
1750 4607 1806 4659 qua

190 4671 261 4738 gulas
274 4670 369 4722 insulas
391 4668 514 4739 indagare
533 4666 639 4720 difficile
657 4669 700 4732 sit,
716 4679 793 4738 atque
812 4670 866 4743 ipse
884 4669 973 4732 sinus,
1019 4673 1107 4743 paullo
1127 4689 1206 4742 supra
1223 4673 1353 4725 Arsinoen
1371 4670 1420 4722 sita
1434 4679 1489 4722 erat
1502 4671 1524 4738 ),
1539 4666 1804 4721 deindePlrilotemm

190 4759 297 4801 auctore
308 4747 494 4816 Valentiam,
506 4765 534 4818 p.
554 4751 606 4802 aas
618 4751 639 4816 ),
653 4747 686 4800 ab
698 4747 787 4814 Anglis
801 4758 908 4800 vocetur
924 4752 975 4800 lto·
1021 4751 1131 4814 urbem,
1144 4747 1199 4802 εἶτα
1217 4747 1298 4815 ἄλλην
1320 4749 1392 4802 πόλιν
1405 4745 1539 4818 Ἀρσινόην,
1551 4758 1608 4800 tum
1627 4764 1658 4799 ea
1671 4763 1731 4816 qua
1745 4750 1806 4814 Aga·

192 4827 295 4880 ther-'rm
313 4831 376 4896 arey.
391 4829 463 4896 quasi
480 4829 553 4880 sirius
564 4826 735 4880 confusionis.
749 4829 836 4893 Quam
856 4825 975 4880 locorum
1021 4827 1170 4882 tharehides
1182 4838 1321 4892 memorat,
1339 4826 1423 4879 sontes
1436 4824 1543 4891 calidos,
1557 4835 1675 4878 montem
1687 4825 1804 4879 rubrico-

191 4917 312 4960 naturam
326 4914 431 4976 putares
448 4903 587 4974 significari
603 4923 666 4959 voce
684 4905 860 4975 θναπελαγίτιν,
876 4907 924 4958 nisi
936 4909 976 4958 ni·
1021 4923 1090 4972 sum,
1099 4906 1299 4978 Myoslrormum
1311 4905 1394 4958 :adeo
1401 4915 1430 4958 ut
1439 4905 1494 4957 hacc
1502 4906 1624 4970 Arsinoe,
1634 4905 1655 4956 si
1666 4903 1759 4957 eadem
1770 4915 1805 4956 est

191 4987 241 5038 mis
255 4993 405 5056 suspectum
415 4995 481 5036 esset
493 4985 664 5049 vocabulum,
678 4988 705 5038 in
717 5003 771 5056 quo
787 4984 895 5038 forsitan
914 4984 977 5039 latet
1021 5005 1082 5039 eum
1091 5004 1121 5040 ea
1133 5005 1212 5057 quam
1227 4984 1333 5040 aliunde
1344 4987 1411 5038 bene
1424 4986 1563 5048 norimus,
1577 5001 1631 5036 rron
1643 5001 1693 5035 suo
1707 5002 1804 5035 memo-

192 5068 246 5128 νῆα.
260 5065 290 5130 (i.
301 5083 326 5115 e.
339 5065 427 5129 νῆσον)
437 5062 556 5130 πελαγίαν
566 5083 612 5118 seu
622 5064 740 5135 πελάγιον
754 5063 792 5116 rel
805 5065 902 5134 [νῆσον]
914 5065 977 5117 θέσει
1022 5075 1095 5118 retur
1108 5066 1166 5118 loco
1181 5069 1232 5132 (ut
1240 5068 1405 5126 Mannertus,
1415 5063 1587 5127 Reiclranlus,
1600 5063 1642 5116 alii
1652 5073 1771 5116 statuunt
1784 5065 1802 5128 l,

192 5145 231 5208 (nt
240 5145 255 5209 ς
265 5146 310 5210 θα)
321 5141 449 5212 πελαγίαν.
461 5141 538 5213 Apud
548 5144 715 5197 Ptolemaeum
725 5159 786 5196 eum
796 5153 884 5196 nostra
895 5143 978 5197 insula
1022 5155 1076 5210 aut,
1096 5147 1117 5196 si
1133 5145 1197 5197 nihil
1211 5155 1304 5197 auctm
1323 5145 1455 5215 peccavit,
1470 5143 1530 5196 dure
1545 5144 1598 5194 sint
1615 5141 1672 5211 ejus
1693 5143 1803 5193 nontinis

194 5221 376 5289 comprmenda
385 5221 488 5274 videtur
500 5221 617 5292 Μύρωνος
629 5223 786 5296 (Μάρωναςθ)
798 5223 977 5294 insula,quam
1023 5223 1307 5295 urlrcsdistingueudre‚
1321 5223 1546 5295 quarurnalterant
1558 5221 1743 5276 Artemidorus
1754 5238 1801 5272 ιννι
