3775 5750
600 343 650 402 ut:
671 341 970 402 introducetur:
991 342 1133 401 CNlDlO.

72 479 158 534 aetatis
172 479 223 540 lv.
240 476 285 535 Fr.
300 476 334 535 ll.
344 473 393 546 lV,
404 495 436 552 p.
452 477 506 546 377
516 482 538 544 l,
556 473 587 530 in
602 473 698 531 medio
715 473 853 548 relinqui·
891 473 920 529 in
937 473 1139 551 geographicis
1148 472 1499 546 atttemdistinguerentur
1513 493 1608 534 rerum
1618 497 1674 552 ge-

73 594 140 632 mus.
169 574 267 648 Neque
288 574 379 646 magis
400 585 512 630 constat
529 574 564 629 do
588 571 774 647 AEthiopicis,
789 590 854 646 quae
892 570 1673 648 nera,separatimqueagereturdepopnlis,debestiis,

74 672 174 728 Suidas
200 668 304 727 tribuit
325 669 452 725 Charoni
472 667 686 744 Lampsaceno,
708 685 760 724 nos
784 684 853 722 vero
891 663 926 719 de
951 664 1059 740 plantis
1080 677 1147 737 ete,
1173 663 1276 740 populi
1304 683 1405 722 rursus
1433 681 1675 741 componerentur

73 765 196 822 Charoni
221 762 395 820 Naucratitar
419 761 560 820 historico
590 761 767 820 vindicanda
789 777 853 817 esse
891 757 1049 814 secondum
1065 758 1131 814 vitae
1151 757 1295 842 rationes,
1305 756 1430 834 ideoque
1446 759 1674 837 ichthyophago-

74 863 262 939 suspicamur.
893 872 958 909 rum
977 853 1062 909 titulo
1073 853 1386 936 comprehenderentur
1399 874 1500 912 omnes
1512 856 1560 914 isti
1572 859 1674 934 populi

108 979 156 1032 9²·
171 957 242 1014 Post
254 967 296 1013 tot
314 955 446 1012 virorum
463 952 627 1011 Graecorum
644 954 755 1028 itinera,
767 969 852 1028 expe·
892 950 942 1024 qui
965 968 1017 1025 per
1039 962 1195 1025 utrumque
1213 951 1296 1007 sinus
1319 949 1436 1007 Arabici
1457 952 1531 1010 latus
1546 965 1574 1010 et
1589 957 1677 1012 meri-

75 1052 194 1108 ditiones
210 1051 404 1126 conditosque
423 1047 460 1106 de
479 1049 517 1107 iis
531 1050 756 1106 commentarios
774 1067 853 1124 quae-
892 1045 1038 1103 dionalem
1057 1045 1174 1102 Arabiae
1193 1065 1275 1102 oram
1294 1047 1409 1104 etsinus
1430 1045 1540 1104 Persici
1564 1048 1675 1106 insulas

75 1167 115 1204 ras
122 1146 263 1222 quidnam
273 1145 566 1220 Agatharchidessuis
572 1144 695 1202 Demari
704 1143 852 1220 Erythraeo
892 1140 1018 1215 dispersi
1033 1141 1158 1218 piscium
1171 1153 1291 1217 captura
1301 1144 1391 1200 vitam
1402 1155 1571 1201 sustentant.
1586 1145 1675 1202 Deui-

1620 365 1671 407 LX!

75 1242 152 1298 libris
165 1243 300 1317 quinque
311 1242 489 1318 praestiterit.
504 1246 612 1299 Vereor
622 1260 659 1298 ne
669 1241 782 1299 minora
795 1241 853 1298 lue·

76 1339 127 1393 rint
139 1357 227 1413 quam
240 1339 464 1413 exspectaveris.
480 1337 590 1405 Quodsi
601 1355 637 1393 ex
652 1349 733 1413 parte
750 1355 854 1410 super·

76 1437 137 1491 stite
149 1434 309 1508 deintegro
321 1453 411 1510 opere
418 1433 562 1510 judicium
579 1433 652 1489 ferre
663 1433 740 1502 licet,
754 1449 853 1488 narra·

75 1543 162 1585 torem
184 1547 255 1586 sarae
284 1526 426 1585 habemus
456 1546 592 1596 suavem,
622 1527 852 1603 perelegantem,

75 1641 230 1699 omnesque
251 1623 316 1680 illas
335 1600 479 1680 orationis
503 1623 626 1679 virtutes
644 1621 852 1690 ostendentem,

76 1737 143 1790 qum
165 1719 196 1773 in
225 1717 375 1775 historicis
397 1717 495 1774 Nostri
528 1717 644 1790 scriptis
672 1735 856 1792 summopere

76 1813 193 1870 Photius
208 1813 353 1888 laudavit,
375 1825 513 1888 tantoque
527 1812 671 1890 promtius
686 1830 740 1868 nos
752 1811 855 1887 praedi·

77 1927 180 1980 camus,
196 1928 257 1984 quo
272 1908 368 1966 minus
381 1907 640 1985 geographicorum
653 1907 810 1985 scriptores
820 1907 856 1964 de

78 2005 111 2060 iis
128 2004 248 2061 solliciti
262 2024 325 2062 esse
340 2005 443 2062 solent.
458 2007 495 2061 At
509 2005 604 2081 ipsum
619 2004 693 2062 illud
710 2005 855 2079 elegantiae

81 2099 201 2156 studium
232 2101 262 2156 in
283 2119 369 2158 causa
396 2101 485 2158 luisse
505 2101 621 2158 videtur
645 2113 676 2158 ut
699 2101 856 2175 negligeret

79 2210 171 2252 artetur
184 2195 320 2276 ἀκρίὸειαν
334 2197 428 2268 istam,
440 2217 504 2274 quae
519 2197 550 2254 in
565 2197 669 2254 ordine
680 2198 856 2256 narrationis

78 2292 227 2368 perspicua
238 2305 266 2350 et
274 2293 305 2349 in
316 2292 447 2350 locorum
458 2293 668 2369 regionumque
677 2293 854 2364 nominibus,

78 2390 141 2458 situ,
153 2387 278 2460 ambitu,
291 2388 437 2446 distantiis
452 2401 584 2446 accurate
599 2388 772 2448 deliniendis
782 2390 856 2466 posi·

77 2495 102 2538 ta
118 2484 296 2560 praecipuam
311 2483 468 2561 geographi
484 2484 597 2541 laudern
613 2484 774 2542 constituit.
793 2483 856 2551 Qua

76 2591 168 2655 spreta
180 2579 346 2654 diligentia,
364 2582 525 2658 pinguntur
536 2579 625 2638 nullis
639 2580 858 2656 circumscripta

75 2675 168 2744 lineis,
185 2687 214 2731 et
224 2695 279 2752 pro
289 2675 423 2733 distincta
440 2676 566 2750 imagine
579 2673 724 2752 praebetur
739 2675 858 2732 confusa

73 2770 316 2828 nitidissimorum
332 2771 400 2828 licet
420 2772 550 2828 colorum
574 2771 700 2844 farrago.
723 2770 763 2828 Ea
779 2771 856 2828 enim

74 2866 165 2922 nostri
180 2865 280 2943 operis
288 2866 399 2943 species
411 2880 464 2937 est,
480 2880 512 2923 ut
525 2880 649 2923 nontam
664 2865 857 2943 ageographo

73 2961 251 3019 elaboratum
267 2975 351 3039 putes
366 2982 452 3039 quam
472 2982 487 3019 a
503 2962 618 3020 rhetore
633 2964 855 3032 concinnatum,

73 3058 122 3131 qui
136 3056 192 3114 hoc
207 3056 266 3114 sibi
279 3070 456 3134 proponeret
466 3070 497 3115 ut
511 3076 527 3113 e
539 3058 632 3114 variis
644 3058 768 3114 aliorum
786 3058 856 3113 scri·

12 3142 13 3145 '
75 3151 134 3226 ptis
149 3150 257 3209 librum
266 3152 385 3208 eliceret
399 3170 545 3209 amoenum
561 3170 594 3209 ac
605 3152 753 3227 juventuti
771 3152 857 3209 lecto·

12 3264 13 3277 1
76 3264 197 3318 rumque
215 3243 396 3303 multitudini
418 3258 499 3303 tauto
521 3246 675 3321 gratiorem
697 3248 858 3323 quomagis

12 3322 13 3331 ἵ
75 3342 174 3415 procul
203 3340 323 3397 haberet
345 3355 452 3399 exactae
479 3342 620 3400 docoinae
650 3344 855 3402 austeritatem.

893 1256 950 1311 que
964 1256 1054 1313 quum
1080 1257 1211 1313 persaepe
1234 1238 1351 1314 quidem
1371 1240 1402 1296 iu
1431 1240 1477 1298 his
1497 1242 1675 1300 narrationis

894 1331 1028 1407 partibus
1042 1332 1078 1388 de
1092 1352 1144 1389 ora
1158 1335 1304 1390 maritima
1318 1355 1413 1392 sermo
1432 1337 1544 1412 suisset,
1566 1358 1618 1395 uec
1633 1353 1675 1396 ta·

893 1445 959 1482 men
970 1427 1050 1503 justa
1069 1429 1133 1503 ejus
1142 1427 1301 1505 descriptio
1313 1430 1506 1501 exhiberetur,
1520 1435 1674 1510 separatim

894 1541 994 1579 rursus
1007 1521 1042 1578 de
1057 1541 1090 1579 ea
1101 1542 1264 1580 sermonem
1276 1524 1412 1592 instituit,
1429 1530 1468 1582 ita
1478 1545 1549 1583 vero
1566 1541 1598 1584 ut
1611 1548 1676 1605 qua·

894 1616 924 1672 in
938 1617 1175 1676 antecedentibus
1194 1617 1254 1694 jam
1270 1621 1459 1696 exposuisset,
1472 1623 1627 1698 omitteret,
1640 1643 1676 1680 ex

894 1713 1015 1788 reliquis
1026 1728 1122 1770 autem
1143 1715 1260 1772 nonnisi
1279 1715 1315 1771 ad
1336 1716 1484 1773 mirabilia
1503 1718 1575 1774 etad
1587 1717 1677 1794 πόρρω

893 1806 1002 1882 κείμενα
1017 1808 1069 1865 ἀπὸ
1081 1812 1128 1877 τῆς
1141 1809 1277 1879 συνηθείας
1297 1810 1464 1869 attenderet.
1477 1811 1526 1869 Sic
1540 1813 1675 1884 mixtum,

893 1904 1023 1975 varium,
1040 1904 1179 1962 dislusum
1192 1925 1266 1982 opus
1286 1905 1440 1976 conflavit,
1456 1908 1538 1984 cujus
1554 1929 1675 1984 geogra·

894 1997 980 2075 phica
992 2000 1016 2057 si
1032 2001 1098 2076 quis
1115 2002 1145 2058 in
1159 2001 1259 2060 tabula
1270 2001 1415 2060 delineare
1430 2005 1529 2060 omnia
1542 2017 1675 2076 tentaret,

895 2095 984 2152 nullis
999 2096 1118 2154 aliunde
1127 2098 1262 2155 assumtis
1274 2099 1405 2174 auxiliis,
1419 2101 1589 2178 perplexum
1608 2121 1678 2160 sane

895 2191 1041 2266 negotium
1056 2196 1224 2269 susciperet.

935 2295 984 2361 94.
997 2286 1052 2344 Sed
1065 2288 1164 2364 paullo
1174 2290 1337 2346 accuratius
1349 2305 1518 2364 argumenta
1527 2305 1678 2366 excerpto-

897 2399 961 2438 rum
976 2383 1197 2459 perlustremus.
1216 2381 1304 2441 lnitio
1316 2384 1386 2442 libri
1403 2386 1491 2462 primi
1505 2405 1600 2444 sermo
1618 2401 1679 2444 erat

895 2477 930 2533 de
941 2477 1139 2547 Ptolemaeoll,
1152 2480 1249 2555 primo
1260 2494 1398 2538 venatore
1408 2482 1591 2559 elephantum
1601 2484 1628 2557 (§
1654 2485 1676 2557 l.

896 2574 1008 2632 lleiude
1032 2576 1105 2652 (1-8)
1126 2589 1227 2633 auctor
1243 2576 1348 2635 docere
1364 2579 1459 2636 studet
1473 2579 1550 2636 unde
1572 2598 1678 2636 nomen

895 2667 999 2726 habeat
1012 2688 1091 2726 mare
1108 2669 1304 2746 Erythraeum3
1320 2691 1378 2748 qua
1391 2673 1422 2728 in
1436 2693 1467 2730 rc
1480 2673 1627 2730 Persicam
1639 2675 1678 2731 la·

896 2764 993 2822 bolam
1011 2767 1075 2842 ipse
1096 2780 1214 2824 secutus
1235 2767 1342 2824 refellit
1358 2768 1482 2824 aliorum
1506 2771 1677 2839 sententias,

895 2873 922 2917 et
933 2859 1058 2918 verbosa
1065 2860 1190 2919 diatribe
1201 2861 1277 2919 ridet
1285 2862 1365 2937 vulgi
1376 2863 1586 2932 credulitatem,
1601 2865 1678 2940 quod

896 2956 1007 3014 Graecis
1023 2957 1128 3015 sabulis
1143 2958 1228 3014 fidem
1244 2978 1303 3015 non
1322 2960 1453 3034 deneget.
1477 2960 1529 3017 llis
1538 2960 1680 3020 absolutis

896 3054 932 3109 ad
944 3054 1115 3130 elephantos
1136 3054 1211 3111 redit
1225 3058 1252 3130 (S
1266 3056 1306 3130 9).
1326 3057 1398 3124 Qua
1412 3056 1517 3113 deinde
1532 3058 1678 3133 leguntur,

896 3166 932 3204 ex
946 3151 1078 3205 oratione
1090 3149 1180 3226 petita
1192 3162 1260 3206 sunt
1271 3151 1308 3205 de
1319 3149 1398 3207 bello
1417 3163 1517 3208 contra
1532 3151 1680 3230 AEthiopes

896 3243 1081 3320 suscipiendo
1104 3245 1131 3319 (S
1145 3246 1263 3319 11·18);
1280 3244 1479 3319 subjiciuntur
1493 3248 1633 3305 nonnulla
1644 3249 1680 3305 de

896 3340 986 3396 armis
996 3339 1181 3416 AEthiopum,
1195 3351 1223 3395 ct
1235 3341 1383 3415 quomodo
1394 3340 1566 3397 Ptolemaeus
1581 3344 1680 3400 nescio

76 3434 162 3493 llissa
175 3436 267 3511 igitur
282 3438 348 3495 fecit
366 3450 415 3495 aut
432 3439 491 3497 levi
506 3438 643 3498 bracchio
661 3442 753 3515 tetigit
764 3460 857 3518 popu·
896 3436 963 3511 quis
972 3436 1084 3511 equites
1097 3434 1175 3492 bello
1191 3434 1353 3509 AEthiopico
1367 3434 1524 3493 destinatos
1534 3436 1680 3495 instruxe-

77 3532 170 3589 lorum
193 3532 388 3592 barbarorum
408 3536 528 3594 uomina
548 3535 673 3595 horrida
693 3550 721 3594 et
738 3536 858 3614 jejunos
897 3529 977 3608 1⁸51&
995 3531 1117 3605 19r²⁰)·
1142 3529 1286 3587 Ηὸθῑθῐῑῦθ
1305 3530 1453 3607 pertinent
1464 3543 1600 3608 melltta
1609 3532 1680 3590 libri

78 3630 426 3689 numerosdistantiarum
439 3643 540 3708 etquae
551 3646 645 3692 cetera
655 3652 713 3690 non
727 3645 870 3710 poteraut.
896 3626 996 3703 primi·
1013 3625 1047 3682 ln
1073 3646 1133 3701 quo
1154 3646 1244 3703 quum
1268 3628 1305 3685 de
1327 3626 1491 3704 elephantis
1510 3632 1634 3687 maxime
1653 3643 1681 3688 et

12 3784 13 3793 χ
78 3739 176 3783 ornate
197 3746 251 3783 nec
277 3746 328 3784 ore
356 3728 483 3805 proferri
509 3728 650 3798 rotund03
671 3740 772 3785 contra
787 3748 858 3785 vero
896 3720 1187 3798 AEthiopibussermo
1205 3722 1293 3780 luisse
1309 3723 1681 3801 rideatu1·‚etelephantos

78 3842 192 3901 operam
207 3823 288 3881 dedit
302 3837 333 3881 ot
354 3836 524 3899 argumenta
539 3824 714 3881 narrationis
733 3828 801 3881 scite
816 3842 858 3881 50.
896 3816 1021 3873 venandi
1038 3816 1164 3876 studium
1174 3830 1311 3894 regnante
1326 3816 1482 3874 Ptolemaeo
1489 3817 1682 3896 Philadelpho

79 3918 177 3993 ligaret
199 3932 228 3976 et
247 3920 405 3977 orificiose
425 3920 551 3977 variaret
574 3932 602 3976 et
622 3938 683 3996 prae
703 3922 806 3977 ceteris
825 3918 858 3976 td
896 3910 1074 3989 AEthiopicas
1082 3913 1349 3991 regionesprimum
1357 3915 1512 3991 aperuerit,
1520 3913 1682 3992 iisdemque
1735 3934 1739 3942 “

79 4012 211 4086 θαυμάσια
223 4012 268 4069 καὶ
279 4012 414 4093 παράδοξα
425 4014 600 4091 amplectens
612 4015 708 4090 iisque
717 4013 859 4072 inhaerens
898 4006 1001 4065 bestiis
1015 4008 1155 4066 debeatur
1169 4022 1202 4066 ut
1216 4009 1270 4066 sub
1285 4010 1389 4067 ceteris
1403 4008 1566 4067 Ptolemaeis
1577 4011 1682 4084 cogni·

80 4105 139 4179 ipse
153 4106 305 4165 videretur
319 4110 446 4187 scriptor
460 4107 652 4166 admirabilis.
898 4104 939 4159 tio
963 4102 1065 4160 harum
1087 4116 1238 4161 terrarum
1263 4102 1388 4160 subinde
1406 4116 1488 4160 aucta
1502 4104 1559 4161 sit:
1580 4118 1683 4181 sponte

114 4201 161 4275 93.
186 4202 339 4260 Drsrosrro
360 4222 467 4263 orasis.
488 4202 664 4279 Terrarum,
691 4222 761 4279 quas
778 4222 856 4261 mare
897 4203 1025 4257 nascitur
1033 4196 1336 4277 suspicioprimilibri
1346 4211 1545 4273 argumentum
1556 4199 1680 4275 positum

80 4293 176 4365 alluit,
192 4295 404 4375 descriptiones
422 4300 465 4356 ita
482 4310 596 4357 veteres
612 4310 745 4355 auctores
758 4298 856 4376 dispo·
899 4294 989 4353 luisse
1011 4295 1043 4351 in
1069 4294 1194 4352 historia
1212 4313 1325 4366 rerum,
1350 4294 1456 4371 quibus
1478 4295 1682 4354 meridionales

81 4406 143 4445 uere
167 4390 264 4448 solent
283 4390 350 4451 ὥστε
372 4391 519 4467 septulo
543 4394 673 4450 ποιεῖσθαι
693 4390 740 4463 τὴν
760 4392 858 4451 tattae-
897 4392 947 4449 isti
962 4403 1070 4449 tractus
1093 4393 1123 4449 in
1145 4392 1277 4449 notitiam
1292 4391 1461 4448 Graecorum
1482 4392 1681 4468 pervenerint.

82 4506 133 4555 car,
146 4486 310 4566 τῇπαραλίᾳ
322 4488 470 4567 χρώμενοι,
486 4487 641 4566 ἡγεμονικόν
657 4510 683 4545 τι
694 4486 741 4557 τὴν
755 4488 860 4547 tattae-
896 4485 1065 4545 Narraverit
1074 4487 1164 4562 igitur
1173 4487 1302 4564 primum
1312 4486 1348 4543 de
1358 4485 1514 4543 Ptolemaeo
1524 4485 1551 4543 lt
1565 4500 1683 4545 venato·

83 4600 127 4636 aar
140 4580 270 4659 κρίνοντες
285 4584 334 4663 (v.
350 4584 458 4663 Ephor.
469 4604 516 4663 ap.
532 4583 656 4642 Strabon
669 4605 699 4661 p.
713 4585 768 4651 334
782 4586 800 4659 ).
825 4584 861 4642 Et
898 4602 945 4640 res
954 4584 1114 4654 emittente,
1127 4583 1222 4660 deque
1235 4579 1422 4640 Ptolemaidis
1432 4580 1469 4637 ab
1483 4581 1609 4639 Eumede
1618 4602 1684 4639 con·

83 4673 137 4731 haec
147 4677 268 4751 quidem
290 4679 375 4750 ratio,
389 4698 447 4757 qua
464 4680 567 4738 ducem
583 4680 710 4757 scriptor
727 4679 860 4756 sequitur
898 4678 967 4735 dttae
979 4677 1157 4753 originibus,
1172 4678 1276 4737 deinde
1290 4675 1437 4754 quomodo
1450 4679 1600 4735 alii'duces
1613 4678 1684 4736 alias

82 4788 155 4827 oram
174 4774 365 4846 maritimam,
376 4772 413 4831 ab
422 4794 513 4852 eaque
525 4775 560 4833 ad
571 4774 792 4846 mediterranea,
808 4773 860 4832 ubi
898 4775 1068 4833 venationes
1087 4776 1276 4844 instituerint,
1292 4776 1323 4831 in
1341 4786 1453 4831 certum
1465 4774 1608 4849 quendam
1625 4794 1684 4831 orae

82 4867 260 4926 commodum
282 4870 385 4941 luerit,
398 4871 577 4946 digreditur,
593 4884 626 4929 ut
644 4872 860 4947 simplicissima
898 4869 995 4927 locum
1006 4869 1185 4947 appellentes
1197 4887 1234 4924 ex
1247 4886 1341 4944 eoque
1355 4870 1387 4925 in
1405 4866 1616 4924 mediterranea
1628 4885 1683 4942 pe-

82 4960 121 5017 sic
150 4964 192 5021 rei
222 4978 265 5023 est
299 4966 608 5029 accommodatissima.
635 4967 862 5043 Agatharchides
901 4966 1176 5034 netrantes.Quain
1198 4983 1300 5021 aenon
1323 4964 1410 5021 modo
1426 4963 1482 5020 hoe
1497 4963 1683 5040 spectandum

82 5072 146 5113 vero
161 5060 257 5117 tritam
275 5062 354 5118 viam
375 5074 403 5118 et
427 5060 463 5118 ab
484 5062 611 5119 artificio
628 5063 750 5120 alienam
766 5063 861 5137 legere
899 5072 970 5132 erat,
983 5072 1015 5117 ut
1027 5062 1173 5133 regionem
1188 5058 1348 5137 elephantis
1360 5058 1566 5134 frequentatam
1581 5058 1685 5134 selige-

83 5150 181 5221 noluit,
201 5155 252 5211 sed
268 5156 309 5213 ita
323 5154 416 5214 libros
431 5156 587 5213 adornasse
603 5155 730 5228 videtur,
748 5170 779 5214 ut
793 5176 859 5235 pars
904 5168 985 5229 rent,
1011 5154 1061 5212 sed
1077 5167 1110 5211 ut
1130 5167 1232 5231 portus
1250 5152 1336 5210 etiam
1358 5150 1483 5209 navibus
1502 5154 1684 5230 ἐλεφαντηγοῖς

84 5260 176 5303 eorum
188 5262 263 5307 esset
276 5250 417 5308 historica
433 5254 631 5329 potiusquam
649 5251 857 5329 geographica3
905 5249 1139 5308 accommodatus
1160 5250 1190 5306 in
1213 5250 1381 5326 propinquo
1394 5258 1483 5319 esset,
1499 5260 1527 5303 et
1540 5246 1627 5304 simul
1642 5248 1684 5303 lo·
