3775 5750
193 396 228 447 :tu
744 386 926 449 §crescis
948 388 1245 452 cnut'attuttasts
1706 398 1745 475 [ιτ
1759 410 1786 451 ιτ

189 526 256 581 ντιοῢ
275 526 396 599 ποτιμοῦ
420 522 464 580 καί
479 520 605 599 Ὁμολίου
626 524 796 599 Μυγνητικῆς
815 520 931 595 πόλους,
952 522 970 594 ἥ
1018 535 1169 589 llomolinm
1189 536 1328 604 Magnesiae
1350 533 1497 596 civitatem,
1518 550 1577 603 quae
1596 540 1636 584 at
1653 526 1729 602 jum
1754 534 1802 583 nu.

189 612 244 667 ἐστι
257 608 331 690 παρὰ
346 610 387 669 τόν
400 610 527 687 ποταμόν.
570 608 731 689 [inpletur
746 610 831 681 δίτῆτ
850 608 972 691 Ἀμὸρα-
1016 622 1099 674 vium.
1136 618 1520 689 PireternarigatioAmbrncire
1531 616 1726 671 eststadiornm
1740 634 1802 670 cen·

189 696 246 763 νίας
260 696 372 756 σταδίων
384 698 434 776 ρκ’.
1016 716 1073 759 tum
1086 708 1187 777 viginti.

230 805 264 843 at.
285 790 471 847 AKAPNANIA.
494 782 572 845 Μετὰ
597 784 623 843 δὲ
637 783 799 863 Ἀμόριικίον
815 784 972 865 ’λκαρντνίο
1052 794 1095 856 34.
1110 797 1280 846 Aeternam.
1296 792 1358 845 Post
1376 790 1543 845 Ambraciam
1563 788 1716 844 Acarnania
1729 791 1804 859 regio

195 872 266 939 ἔθνος
281 874 350 947 ἐστὶ,
364 874 409 931 καί
424 873 515 953 πρώτη
527 872 602 939 πόλις
621 872 710 931 αὐτόθι
722 871 749 933 'A
755 896 814 953 ργος
834 874 863 932 τό
879 874 973 955 Ἄρρι·
1015 890 1070 944 est,
1085 898 1116 931 ac
1129 860 1214 951 prima
1224 878 1260 931 ibi
1272 877 1336 931 urbs
1349 880 1434 947 Argos
1450 876 1691 948 Amphilochicum,
1704 874 1805 928 deinde

189 960 293 1039 λογικὸν
308 962 353 1019 καί
368 961 530 1039 Ἀνακτόριον
545 959 591 1019 καί
603 958 693 1037 λιμὴν,
711 960 757 1019 καί
774 960 823 1029 ἔξω
836 966 882 1020 τοῦ
894 961 972 1021 iltru-
1016 966 1188 1019 Anactorium
1203 982 1264 1017 cum
1277 975 1368 1035 portu,
1382 973 1409 1017 et
1425 973 1499 1015 extra
1514 964 1699 1016 Anactoricum
1712 963 1804 1014 sinum

189 1054 310 1127 κτορυιοῦ
327 1048 424 1109 κόλπου
448 1048 518 1107 οἵδε·
542 1048 619 1119 ’λοι-λ
641 1047 687 1107 καί
712 1050 787 1117 πόλις
804 1048 907 1117 Arcade
925 1052 972 1109 καὶ
1015 1051 1073 1119 (bre
1084 1068 1091 1104 τ
1103 1054 1113 1120 )
1125 1055 1190 1104 Acte
1201 1059 1227 1103 et
1237 1049 1301 1103 urhe
1311 1052 1578 1119 [eumanttnportu.
1591 1051 1656 1102 Acte
1666 1048 1723 1101 haec
1733 1046 1804 1101 desi·

188 1136 277 1211 λιμήν·
289 1135 354 1209 αὔτη
369 1136 457 1216 ἀνέχοι
470 1136 513 1196 tet
523 1136 567 1195 τὸν
580 1136 727 1209 Aturricus,
741 1136 834 1197 όίστιν
848 1136 971 1217 θκριοτή-
1014 1140 1054 1191 οἰῑ
1062 1139 1089 1191 in
1099 1141 1252 1203 leucatam,
1260 1136 1333 1209 quod
1342 1146 1381 1190 ert
1388 1137 1601 1208 promontorium
1609 1135 1701 1207 procul
1710 1137 1804 1188 emari

189 1246 243 1303 ριον
254 1223 385 1304 πόρρωθεν
397 1224 623 1303 ἐντῇθολόττῃ*.
668 1223 743 1297 Αὕτη
754 1230 771 1298 ἡ
784 1226 859 1291 πόλις
870 1224 972 1304 τόπρίν
1014 1226 1203 1298 [conspicuum
1215 1226 1236 1295 ].
1255 1226 1356 1278 Icuoes
1375 1224 1440 1277 urbs
1458 1222 1521 1276 olim
1539 1224 1619 1277 etiam
1638 1223 1804 1294 Epileucndii

188 1312 233 1371 καὶ
248 1312 441 1373 Ἐπιλιυκόδιοι
458 1312 635 1389 ὠνομάζοντο.
679 1312 835 1393 Ἀκαρνᾶνες
855 1312 882 1371 dl
904 1336 972 1371 crn-
1014 1313 1165 1366 vomhutur.
1204 1318 1354 1365 Acarnanes
1364 1321 1452 1365 autem
1464 1310 1578 1363 dissidiis
1589 1312 1720 1363 intestinis
1732 1310 1805 1364 laho-

188 1400 324 1468 σιτίσυντις
338 1398 433 1460 thadei
446 1404 476 1460 ίκ
496 1399 625 1481 Κορίνθου
638 1401 756 1466 ἐποίκους
773 1400 887 1479 χιλίους·
900 1402 924 1459 ol
939 1400 967 1459 δί
1013 1410 1110 1463 rantes,
1123 1398 1195 1452 mille
1205 1417 1221 1452 a
1233 1398 1378 1453 Corinthiis
1389 1397 1497 1451 colonos
1507 1415 1640 1469 recepere,
1658 1398 1705 1468 qni
1717 1416 1804 1469 quum

187 1486 288 1546 lantani
303 1488 516 1559 ἀποκτείνοντες,
531 1484 629 1545 τούτων
643 1485 691 1558 τὴν
706 1486 796 1566 χώραν
811 1486 885 1545 οὔτοί
897 1485 973 1567 dgnu-
1014 1492 1167 1541 Acamans
1188 1486 1387 1551 interfecissent,
1404 1487 1454 1557 ipsi
1476 1485 1581 1539 illorum
1598 1487 1707 1555 regione
1725 1487 1804 1557 potiti

187 1596 238 1633 σιν.
285 1574 357 1647 Αὕτη
377 1576 400 1633 δ’
422 1575 478 1635 ieri
501 1581 545 1633 νῦν
562 1578 640 1645 νῆσος
658 1574 702 1633 τόν
722 1574 814 1650 ἰσθμόν
837 1576 969 1633 ducrere·
1013 1584 1085 1627 sunt.
1122 1572 1263 1627 Peninsula
1275 1572 1331 1625 hnc
1343 1590 1417 1625 nunc
1435 1572 1520 1625 insula
1538 1582 1587 1637 ast,
1602 1570 1804 1644 imsuper-isth-

187 1661 319 1742 φριυμένη
332 1661 470 1743 [Εὔριπος
485 1663 624 1743 Διόρυκτος
638 1665 664 1721 ἐν
678 1665 715 1743 τῷ
728 1662 813 1743 ἰσθμῷ
822 1660 848 1742 ]
891 1661 968 1723 Meri
1014 1678 1089 1714 mum
1101 1658 1181 1713 duem
1196 1654 1338 1736 [Euripus
1351 1658 1493 1730 Ilioryctus
1505 1660 1561 1712 sive
1575 1674 1657 1712 manu
1675 1658 1763 1711 lossrrs
1777 1661 1804 1713 in

187 1856 279 1893 rorum
291 1840 436 1894 ditionibus
449 1842 554 1895 Graeoas
567 1842 684 1893 civitates
696 1858 750 1912 prae
768 1843 860 1895 ceteris
879 1852 973 1894 ructor
1018 1840 1132 1909 regionis
1142 1846 1234 1891 contra
1243 1836 1342 1890 AEtolos
1352 1846 1512 1901 tutarentur,
1521 1836 1625 1907 Thyrea
1639 1846 1667 1889 et
1678 1836 1805 1890 Medeoni

189 1920 328 1971 recensuit.
1016 1918 1138 1991 praesidis
1152 1918 1316 1988 imposuisse.
1330 1915 1373 1969 Cl.
1397 1917 1456 1969 [ἰν.
1480 1917 1635 1981 XXXVIII,
1658 1934 1686 1985 9.
1708 1917 1803 1987 Polyb.

222 1996 295 2063 534.
317 1996 433 2067 Ἀργος
453 1998 486 2049 τὸ
509 1996 602 2069 ’Δρ-ρ.
616 2000 625 2065 ]
638 1998 778 2069 Dionysius
793 2000 890 2067 Anagr.
904 2000 974 2060 dhet
1016 2000 1066 2063 IV,
1086 1998 1131 2061 οὔ,
1151 2001 1178 2059 l..
1198 1998 1246 2062 IV,
1267 2000 1295 2060 6,
1315 2012 1342 2060 ο,
1356 1996 1464 2067 passim,
1481 1993 1644 2066 etplurr'rp.
1664 1995 1804 2065 Porbiger.

188 2076 316 2145 Scymnus
326 2078 377 2140 455
391 2080 474 2145 Argos
482 2076 711 2147 Amphilochicum
724 2088 849 2147 tanquam
859 2076 973 2149 peculia·
1016 2080 1109 2143 Georg.
1127 2079 1176 2129 111.
1191 2092 1218 2147 p.
1238 2077 1301 2143 896.
1321 2083 1347 2127 et
1364 2075 1392 2127 in
1406 2074 1497 2145 Steph.
1522 2074 1602 2127 Ihes.
1616 2092 1639 2125 s.
1654 2092 1680 2126 ν.
1695 2075 1806 2127 Iit-rame

186 2170 241 2206 rem
248 2156 374 2209 ditionem
382 2154 973 2225 nbAcnrnnniadistinguunt.Annrnenireeem
1019 2154 1207 2219 Ileichrrdum,
1219 2155 1266 2224 qui
1280 2152 1401 2206 urbemn
1414 2151 1543 2206 Medeone
1562 2152 1699 2206 meridiem
1714 2172 1807 2205 versus

187 2234 468 2299 ncoensetPliniuslll,
481 2250 507 2287 a.
521 2233 561 2287 Cl.
576 2234 714 2299 SttnhoX,
728 2252 755 2306 p.
770 2234 832 2299 450.
846 2236 974 2297 lliaSci-
1016 2235 1108 2305 ponit,
1133 2233 1196 2287 inde
1216 2232 1321 2303 colliges
1342 2231 1416 2303 quod
1436 2232 1610 2287 Antiochusa
1630 2233 1720 2285 Strato
1740 2234 1807 2287 urhe

187 2312 246 2364 licet
256 2312 423 2383 Amphilochi
432 2330 516 2383 quum
527 2314 561 2365 uh
571 2313 755 2379 Ambrrciotis,
768 2332 835 2385 quoe
845 2314 872 2366 in
885 2314 974 2365 cirita·
1019 2313 1153 2385 proiectus
1164 2315 1280 2385 primum
1294 2310 1450 2365 Medeouem
1464 2312 1549 2376 venit,
1563 2311 1660 2365 deinde
1672 2312 1806 2383 Thyrium

187 2390 220 2441 tis
229 2392 377 2443 societatem
387 2390 703 2461 acciverunt,urheejecti
712 2402 807 2455 essent,
818 2391 851 2444 ad
859 2394 975 2445 Acarna·
1016 2393 1151 2462 aggeum
1171 2402 1220 2444 ast.
1239 2389 1291 2444 Sed
1306 2390 1451 2443 hoecmissr
1471 2390 1606 2444 lacinrnus.
1621 2394 1689 2459 Quae
1707 2392 1807 2447 deinde

186 2486 232 2521 nes
243 2471 410 2523 transierunt.
423 2471 534 2540 Utrique
543 2470 640 2523 auxilio
650 2470 781 2524 rdvocant
791 2470 972 2535 Athenienses,
1016 2471 1046 2522 in
1057 2469 1149 2523 codiee
1163 2468 1303 2539 leguntur,
1315 2479 1440 2523 monente
1457 2472 1582 2535 Osanno,
1597 2472 1633 2523 ita
1642 2474 1807 2543 transposui·

186 2548 232 2617 qui
245 2548 405 2602 Phormione
419 2547 488 2601 duce
500 2546 681 2602 Ambraciotns
698 2547 871 2603 debellarunt.
884 2546 975 2619 Ejecto
1016 2566 1086 2613 mus,
1098 2560 1130 2602 ut
1140 2549 1312 2602 Anactorium
1324 2567 1339 2601 e
1352 2550 1413 2602 sinu
1423 2540 1580 2619 cognomine
1594 2566 1648 2602 non
1661 2550 1805 2621 expellere-

186 2628 223 2679 sic
238 2627 321 2693 hoste,
336 2632 420 2699 Argos
433 2628 526 2682 urbem
542 2628 710 2700 Amphilochi
729 2639 756 2681 et
767 2632 916 2683 Acarnanes
933 2630 974 2681 in·
1018 2637 1071 2681 tur.
1087 2631 1097 2698 ΙΙ
1112 2658 1148 2669 -
1160 2626 1250 2692 ’λκτὴ
1261 2630 1270 2695 l
1283 2627 1402 2699 Reliquis⁴
1409 2628 1580 2681 omnihusest
1593 2628 1697 2681 Ἄκτιον.
1714 2626 1807 2700 Νοτμιο

187 2704 291 2759 coluere
313 2708 498 2759 communiter.
525 2710 560 2759 V.
583 2707 706 2778 Thucyd.
729 2710 768 2771 tt,
791 2710 834 2761 68.
861 2710 901 2760 De
921 2709 974 2761 situ
1016 2706 1093 2760 diter
1104 2706 1203 2760 dixerit
1215 2707 1317 2777 Scylax.
1333 2708 1424 2761 Fuisse
1440 2707 1503 2761 olim
1521 2718 1597 2779 putes
1613 2707 1685 2761 hune
1700 2708 1731 2760 in
1750 2726 1807 2761 mo·

187 2782 261 2837 urhis
286 2784 372 2856 (hod.
395 2786 508 2857 filati)
531 2803 614 2858 prope
634 2786 746 2841 Νιολονί
767 2804 792 2838 ν.
818 2784 903 2839 Iealre
923 2788 973 2849 IV,
1015 2782 1081 2839 dum
1096 2804 1126 2840 :..
1140 2787 1202 2839 οἵδε·
1222 2786 1349 2857 [herion
1365 2787 1408 2839 κιιλ
1422 2786 1483 2857 μετὰ
1497 2787 1607 2855 ττῦτην]
1626 2783 1688 2852 ἀκτὴ
1702 2787 1748 2839 καὶ
1761 2788 1805 2840 πό·

188 2879 215 2934 p.
230 2864 298 2930 238,
314 2864 482 2936 Pouqueville
495 2866 540 2929 11,
554 2882 581 2936 p.
605 2870 663 2918 116.
679 2867 691 2934 ΙΙ
706 2895 743 2908 -
756 2865 806 2919 καλ
830 2864 857 2918 ’A
867 2866 974 2918 νακτό·
1016 2864 1055 2927 λις
1065 2865 1156 2929 λευκός
1165 2866 1234 2931 κτλ.,
1245 2867 1295 2920 nisi
1307 2864 1375 2920 sorte
1384 2865 1506 2920 librarius
1516 2864 1703 2938 vdexoerptor
1712 2883 1805 2920 vocem

160 2961 253 3012 ,ριον
276 2944 366 3012 κτλ]
382 2945 521 3014 Sequentia
536 2945 602 2998 mire
618 2944 721 2998 turhnta
739 2954 801 3016 spnt
820 2947 847 2998 in
864 2943 972 3010 codice,
1017 2945 1071 2999 ulie
1083 2946 1117 3000 de
1130 2963 1180 3000 suo
1193 2946 1292 3011 intulit,
1314 2948 1377 3017 quia
1395 2964 1459 2998 voce
1472 2943 1533 3011 ὼιτὴ
1552 2945 1647 2998 ruhem
1672 2945 1805 3019 designari

187 3023 233 3092 qui
249 3023 284 3076 ita
298 3023 376 3076 habet
468 3023 553 3093 Ἄργος
568 3023 596 3076 rh
615 3021 801 3095 ’λμριλοχικόν
825 3024 866 3078 καλ
881 3023 975 3095 εὔριπος
1016 3026 1134 3096 putavit,
1153 3043 1237 3097 quum
1257 3025 1349 3096 Scylax
1362 3025 1468 3077 nonnisi
1488 3023 1524 3077 de
1535 3035 1595 3076 nete
1608 3024 1712 3078 locutm
1727 3038 1803 3078 esset.

187 3101 229 3152 καλ
243 3100 338 3171 niptris
358 3103 382 3156 θν
402 3100 533 3174 τῷίκονίιρ
551 3103 592 3154 κοιλ
606 3103 652 3165 ἔξω
665 3107 709 3157 τοῦ
732 3103 899 3174 ’λντκτορικοῦ
913 3104 973 3158 κόλ-
1016 3104 1097 3172 Quod
1122 3115 1196 3158 tanto
1219 3106 1302 3174 magis
1325 3103 1499 3169 crediderim,
1526 3102 1599 3174 quod
1630 3121 1711 3157 nemo
1740 3106 1804 3158 alius

187 3201 233 3233 που
247 3179 482 3253 αἴθε-,Ἀνακτόριον
497 3181 538 3234 καλ
554 3181 645 3254 λιριιίνΙ
667 3181 760 3248 ’λκτήν
786 3183 860 3256 (sic)
876 3184 974 3238 καλπό-
1016 3185 1142 3236 Romanis
1165 3184 1329 3254 temporibus
1358 3184 1493 3254 antiquior
1514 3184 1628 3254 scriptor
1654 3185 1724 3237 Actii
1755 3184 1804 3237 loci

187 3259 224 3320 λις
241 3261 329 3322 Arnai<
343 3261 398 3314 κτλ.
413 3263 444 3314 In
458 3261 500 3314 his
516 3261 594 3314 verbe
606 3261 731 3332 εὔριπος...
748 3261 859 3336 ἰκονίῳο
878 3263 974 3334 glosse·
1017 3264 1180 3316 mentionem
1210 3263 1310 3316 lecerit.
1338 3263 1507 3316 Peninsulsm
1537 3279 1601 3315 vero
1629 3262 1804 3319 Iaeucadicam

187 3349 256 3393 mate
275 3340 309 3394 ad
329 3339 469 3394 leucadia·
488 3340 693 3412 descriptionem
714 3343 862 3414 pertinente
883 3344 975 3414 inepto
1017 3332 1214 3406 'Arrhrdictam
1227 3340 1372 3394 assedooet
1382 3341 1539 3412 Stephanus,
1553 3341 1600 3412 qui
1612 3351 1756 3412 postquam
1771 3341 1804 3395 de

186 3417 245 3474 loco
257 3420 324 3474 illata
337 3432 415 3486 sunt,
430 3431 460 3474 ut
470 3422 614 3474 rectissime
628 3423 732 3475 monuit
744 3423 876 3476 Munnert.
889 3423 973 3488 VIII,
1017 3419 1084 3471 Acte
1104 3421 1191 3474 Attica
1211 3429 1237 3472 et
1256 3418 1530 3488 Magnesiadixerat,
1544 3420 1632 3491 pergit
1647 3436 1654 3472 ι
1672 3419 1747 3473 Ἔστι
1765 3421 1805 3473 rel

185 3515 213 3570 p.
224 3501 268 3569 73,
281 3501 403 3572 qniezel
412 3499 508 3571 οὔριτῦν
518 3499 586 3553 bene
594 3501 684 3554 elicuit
693 3500 974 3572 Διόρυκτοςςφιοάτο-
1017 3495 1086 3566 ἑτέρα
1105 3496 1276 3568 Ἀκαρνανίας,
1298 3493 1326 3564 ἧς
1343 3500 1464 3570 μέμνηται
1483 3498 1644 3570 &hildierum
1658 3497 1722 3552 dein
1744 3500 1804 3554 elias

187 3580 288 3646 quitur,
301 3595 354 3631 non
368 3579 455 3631 minus
466 3589 639 3649 corruptum,
653 3579 678 3633 ἐν
690 3585 726 3651 τῷ
738 3578 832 3652 ὔιονίιρ,
845 3581 973 3634 intactum
1011 3586 1086 3650 'actus
1104 3575 1194 3643 addit;
1213 3577 1308 3632 urbem
1328 3595 1392 3631 vern
1411 3577 1490 3648 hujus
1507 3579 1623 3631 nominis
1642 3579 1737 3644 nescit,
1757 3599 1805 3632 nee

187 3655 306 3726 reliquit,
325 3673 485 3726 quamquam
504 3656 634 3710 lenissima
651 3675 731 3710 manu
752 3661 838 3712 sanan'
859 3669 971 3730 poterut.
1016 3671 1128 3726 usquam
1146 3658 1256 3727 reperiri
1276 3667 1353 3729 puto.
1370 3660 1382 3728 fl
1400 3687 1438 3698 -
1456 3657 1532 3724 αὔτη
1552 3655 1680 3726 dri-ger]
1693 3675 1732 3710 sc.
1749 3668 1804 3711 acte

179 3735 318 3787 'Nimirum
334 3733 444 3804 lliONlrp
457 3733 579 3788 librarius
592 3737 695 3807 scripsit
704 3753 753 3807 pro
765 3737 874 3808 ΙΣΘΜῳ.
890 3739 974 3807 Igitur
1017 3733 1157 3788 leucadia.
1170 3738 1223 3789 Pro
1239 3735 1323 3807 θνίχιι
1335 3736 1425 3790 nescio
1435 3753 1469 3789 an
1483 3733 1562 3790 luerit
1574 3734 1668 3802 ἀνήκει.
1680 3737 1804 3790 Ceterum

179 3812 267 3865 werbe
289 3813 418 3884 Διόρυκτος
432 3813 457 3866 ἐν
478 3819 514 3886 τῷ
535 3811 615 3886 ἰσθμῷ
636 3814 704 3868 infra
719 3833 768 3869 suo
788 3817 847 3870 loco
869 3819 973 3871 uncinis
1016 3825 1102 3869 toturn
1127 3816 1178 3870 hoc
1199 3828 1278 3888 caput
1295 3817 1393 3871 lacerus
1412 3815 1543 3869 uhu-ioris
1561 3814 1625 3868 olim
1646 3817 1804 3869 narrationis

181 3890 287 3944 inclusa
296 3892 463 3945 inseruimus.
472 3891 574 3963 Reliqui
583 3894 736 3965 interpretes
746 3913 809 3948 vooe
819 3894 913 3966 εὔριπος
921 3897 972 3951 sre-
1016 3906 1141 3949 centones
1153 3896 1268 3950 exhibet.
1289 3897 1353 3964 Ι-
1374 3896 1536 3948 Arcadici
1553 3897 1588 3962 θ]
1605 3895 1744 3948 λτυττταιῶ
1759 3915 1803 3949 co·

186 3970 362 4042 tumuliquod
374 3973 447 4024 sinus
461 3970 609 4025 Ambracici
619 3972 658 4025 vel
670 3974 748 4026 etiarn
761 3974 852 4028 urbem
867 3975 972 4046 Εὔριπον
1015 3975 1148 4042 der;em.
1161 3975 1301 4046 editt.1t-
1314 3975 1476 4047 πόρρωθεν
1492 3974 1522 4029 ἔν
1534 3978 1544 4043 ]
1558 3974 1584 4028 ἐν
1594 3975 1716 4028 inseruie
1732 3975 1801 4046 conj.

186 4048 220 4100 ad
233 4051 355 4122 errripum
368 4051 483 4121 aliquam
497 4051 573 4104 eitam
587 4050 692 4122 intelligi
705 4051 854 4107 voluerunt.
866 4055 910 4108 Sic
924 4057 973 4110 La·
1017 4056 1163 4120 Gronovii;
1181 4066 1242 4126 post
1255 4054 1368 4128 θαλάσσῃ
1379 4054 1506 4109 excidisse
1520 4052 1625 4106 videtur
1635 4053 1748 4106 ἄποπτον
1765 4055 1803 4106 vel

185 4129 261 4198 picus
271 4131 401 4202 Euripum
411 4129 589 4184 urhemsitarn
600 4129 679 4183 luisse
692 4133 837 4203 suspicatur
848 4133 893 4186 uhi
902 4153 974 4189 nunc
1017 4133 1192 4204 ἔνροιινόρονον
1206 4134 1247 4187 vel
1265 4134 1316 4188 tale
1333 4133 1414 4205 quid;
1427 4136 1503 4206 πίτρσ
1517 4129 1656 4203 τηλεφανὴς
1672 4130 1774 4185 dicitur
1788 4151 1804 4184 a

186 4217 224 4260 cst
240 4211 427 4262 monesterium
439 4209 466 4264 S.
479 4210 597 4279 Georgii,
615 4209 814 4283 -surtaparrte
829 4215 922 4266 ‹itroite
939 4215 974 4268 de
1016 4211 1165 4264 Menandro
1186 4229 1230 4282 ap.
1253 4211 1410 4266 Strabonem
1423 4213 1466 4277 X,
1478 4229 1506 4284 p.
1523 4211 1593 4275 452,
1608 4210 1654 4264 uhi
1670 4210 1740 4263 vide.
1758 4211 1804 4264 Sin

186 4285 210 4339 la
229 4287 286 4341 baie
300 4288 549 4354 deCararanserail,
562 4289 608 4359 qui
622 4287 707 4342 lorme
725 4291 874 4362 unernipe.
889 4317 900 4337 ι
921 4293 973 4346 Sed
1017 4289 1225 4361 οιοΙίνπόρρωιίς
1234 4287 1279 4356 τὴν
1289 4290 1427 4356 θάλασσαν,
1437 4290 1503 4344 nihil
1512 4288 1637 4360 refragor.
1651 4289 1804 4357 ΙΙ-Ἐπι-

185 4383 272 4436 neque
290 4366 347 4420 haec
368 4385 454 4438 neque
473 4366 523 4420 alia
536 4367 608 4420 sinus
628 4385 689 4439 pars
708 4369 815 4440 eur-rpus
831 4379 900 4422 recte
920 4371 972 4424 diei
1016 4368 1196 4437 λευκάῦιοι]
1209 4370 1253 4422 Sic
1263 4371 1408 4424 llecataeus.
1416 4387 1459 4442 ap.
1475 4369 1601 4441 Stephrn.
1616 4387 1638 4422 s.
1654 4387 1693 4434 ν.;
1707 4367 1803 4422 ἐπιλει-

186 4457 298 4516 poterat,
309 4449 358 4500 nisi
371 4446 438 4502 lorte
451 4447 663 4516 angustissimum
673 4449 746 4501 sinus
756 4449 864 4513 ostium,
874 4449 908 4501 de
918 4468 974 4520 quo
1016 4450 1152 4501 κσδιοστῶν
1166 4449 1328 4520 ὠνομάζοντο
1345 4449 1439 4502 codex.
1458 4453 1469 4519 ΙΙ
1483 4479 1520 4490 -
1538 4447 1802 4510 ἀποκτείναντες,

187 4523 239 4577 hoc
257 4525 316 4580 loco
338 4528 445 4596 cogitari
465 4527 567 4597 nequit.
585 4527 736 4580 Gronovius
757 4529 859 4598 putavit
877 4527 973 4600 εὔριπον
1016 4529 1134 4582 τούτων
1146 4529 1186 4582 rel
1200 4528 1242 4582 dar.
1254 4529 1369 4592 τούτους,
1380 4531 1390 4598 ]
1402 4528 1458 4593 dn,
1472 4533 1561 4582 τοῦτον
1571 4526 1665 4581 codex.
1679 4527 1803 4580 Hiulcarn

187 4614 342 4675 corruptum
360 4622 415 4658 esse
435 4623 468 4658 ex
486 4603 604 4675 Ἐχῗνσς,
626 4605 720 4658 colluto
735 4606 821 4660 Plinio
834 4607 925 4678 quiad
939 4610 973 4662 si-
1016 4609 1163 4660 orationem
1177 4610 1282 4678 nequis
1297 4609 1418 4662 miretur.
1433 4611 1475 4661 De
1495 4606 1632 4661 leucadiis
1652 4607 1804 4661 Corinthio-

188 4699 253 4734 num
272 4681 457 4737 Ambracicum
469 4685 548 4738 urbes
562 4693 697 4737 recenset:
713 4685 875 4750 Heraclium,
891 4688 972 4741 Echi·
1016 4703 1077 4740 rum
1090 4685 1191 4739 colonis
1203 4687 1285 4740 verbo
1299 4698 1408 4741 monent
1421 4685 1572 4741 Herodotus
1587 4687 1650 4751 VII,
1668 4686 1713 4750 45,
1729 4685 1804 4738 'Ihu-

187 4778 259 4822 nrtrn,
270 4759 389 4824 Antirrm,
401 4771 427 4815 et
435 4763 473 4815 St.
485 4765 548 4833 Byr.
560 4781 585 4815 ν..
600 4759 710 4832 Ἐχῖνος.
721 4765 806 4816 Porro
816 4781 866 4835 pro
876 4763 973 4836 οὖριτῦν
1016 4764 1124 4836 cydides
1133 4767 1156 4831 I,
1169 4765 1214 4829 3⁰,
1231 4767 1360 4838 scymnus
1369 4772 1432 4832 464,
1444 4768 1553 4837 Dionps.
1564 4764 1623 4818 Hal.
1635 4767 1711 4818 Art.
1721 4767 1745 4828 1,
1757 4769 1802 4828 ho.
1874 4764 1875 4769 ’

188 4838 213 4892 ἐν
228 4843 263 4910 τῷ
278 4837 362 4910 ίκονίιρ
373 4839 492 4906 Vossius,
505 4842 615 4906 Gailins,
631 4843 763 4908 Osannus,
779 4843 913 4896 Fabricius
926 4844 973 4898 de·
1017 4844 1149 4898 Plutarch.
1160 4845 1289 4898 Themist.
1300 4851 1345 4910 οὔ.
1355 4846 1452 4899 Iirnol.
1461 4863 1486 4899 c.
1500 4847 1543 4898 15.
1553 4844 1648 4898 Strabo
1655 4845 1692 4906 X,
1701 4861 1730 4915 p.
1738 4847 1801 4908 452:

187 4917 268 4971 dere:
288 4916 377 4988 θύριον
388 4917 413 4972 ἐν
425 4924 461 4990 τῷ
474 4920 560 4991 κόλπῳ
580 4920 625 4992 (ἐν
640 4925 676 4992 τῷ
693 4918 774 4992 Ἰονίῳ
789 4923 970 4995 Gronovius).
1018 4922 1141 4993 Κορίνθιοι
1152 4923 1179 4977 θλ
1197 4925 1343 4995 πεμφθέντος
1355 4925 1402 4979 tet
1417 4925 1526 4997 teuton
1539 4923 1581 4978 καὶ
1599 4923 1694 4995 Γόργου
1711 4923 1803 4988 tritri
1873 4944 1874 4995 }

187 4995 268 5064 Quod
280 4995 384 5050 admitti
403 4999 510 5067 nequit;
525 5016 600 5063 nem,
613 4999 635 5051 si
656 5009 774 5052 veterum
788 4998 822 5053 de
842 5001 891 5054 hac
906 5001 973 5055 urbe
1017 5021 1043 5054 τε
1057 5003 1178 5073 κατέσχον
1194 5001 1239 5068 τὴν
1258 5001 1345 5069 ἀκτὴν,
1361 5005 1403 5057 καὶ
1417 5006 1490 5076 μόρρι
1507 5007 1551 5057 τοῦ
1567 5001 1728 5074 Ἆρόρακικοῦ
1740 5001 1803 5054 adl·
1873 5042 1874 5069 ,

188 5077 336 5132 testimonia
350 5076 503 5141 excusseris,
517 5077 667 5148 intelligitur
679 5079 809 5150 Ihyrium
821 5097 875 5133 non
886 5079 920 5134 ad
938 5084 973 5135 si·
1016 5099 1063 5133 που
1074 5081 1209 5151 προῆλθον.
1218 5082 1341 5136 Nicolaus
1351 5086 1428 5137 Dam.
1442 5085 1469 5136 in
1481 5085 1547 5136 Ere.
1558 5083 1651 5135 Escor.
1665 5083 1721 5152 (Fr.
1731 5082 1801 5133 Ilist.
1873 5070 1874 5109 ί

188 5171 268 5218 rrurn,
286 5154 374 5208 sedin
395 5152 591 5208 mediterraneis
610 5157 689 5210 situm
708 5157 797 5212 luisse.
823 5160 865 5212 Sic
882 5161 973 5213 Livius
1016 5161 1072 5221 111,
1087 5177 1115 5230 p.
1140 5159 1235 5228 392,§
1254 5159 1327 5230 Syl:
1351 5159 1462 5232 'linrp'fs
1482 5160 1510 5213 δὲ
1525 5159 1559 5232 (ό
1578 5159 1704 5230 hildrix)
1726 5157 1802 5221 εἴςτε

189 5233 319 5324 XXXyl,
343 5251 371 5287 rr
397 5245 485 5288 narrat
503 5237 650 5288 Acarnanes
670 5245 698 5288 ut
716 5236 905 5290 mediterranea
919 5255 973 5291 sue
1016 5239 1126 5290 Λευκάδα
1146 5239 1188 5291 καί
1204 5237 1368 5310 Ἀνακτόριον,
1389 5237 1497 5301 chinric
1520 5238 1599 5293 οὔτῶν
1621 5238 1738 5305 Πυλάδην
1762 5237 1803 5290 καλ
