3775 5750
185 382 310 429 carrus
849 358 1153 422 PROLEGOMENA.

188 518 293 557 norum
307 494 497 554 barbarorum
513 514 652 573 oppressa
662 506 723 553 erat
735 496 744 571 (
756 514 780 553 c.
793 494 847 562 364
865 516 895 573 p.
907 495 940 551 C.
953 494 971 569 J.
1018 490 1160 549 rationem
1180 486 1379 547 Constantiam
1401 485 1508 544 dictam
1532 504 1592 545 esse
1614 499 1735 545 constat.
1766 518 1807 531 -

187 593 347 652 Ptolemais
360 610 430 649 vero
443 591 577 667 quamvis
587 590 680 651 adbuc
695 603 769 649 esset
779 589 853 655 πόλις
861 588 972 667 μεγίστη
1017 585 1166 656 Quatenus
1182 588 1322 661 igiturex
1337 584 1522 643 tenuioribus
1537 584 1656 643 indiciis
1668 584 1808 662 probabi·

190 692 219 767 (5
234 687 295 769 55),
318 700 434 767 portum
457 700 552 746 tamen
580 684 643 763 jam
668 684 806 747 obrutum
834 686 974 745 habuisse
1018 682 1086 741 liter
1100 682 1212 760 aliquid
1226 682 1327 757 colligi
1345 693 1451 759 potest,
1462 680 1570 759 peripli
1585 692 1697 759 partem
1710 684 1809 739 nauti-

188 784 287 856 debet,
309 802 398 861 quum
425 781 498 839 nihil
517 782 553 839 de
573 782 639 840 loco
656 794 757 841 auctor
774 794 890 841 moneat
915 780 972 839 nisi
1017 796 1080 834 cam
1100 796 1166 834 eum
1188 774 1417 835 orae'maritimae
1433 786 1557 845 statum,
1575 779 1626 852 qui
1648 789 1712 833 erat
1730 776 1811 833 inter·

189 880 251 937 lraec
265 901 271 935 :
286 874 410 943 inlesldc
432 878 500 934 ἐστιν
524 879 538 935 ὁ
550 874 644 949 τόπος,
671 875 816 955 ἀσφαλίζου
831 894 840 936 :
856 876 929 934 adeo
940 888 974 933 ut
1018 892 1108 948 regna
1122 873 1223 931 Severi
1237 885 1266 931 et
1279 873 1478 943 Constantini,
1491 873 1616 950 prodere
1631 884 1661 931 et
1675 892 1713 930 ex
1727 872 1809 932 libro

189 972 373 1049 cogitandum
383 971 421 1029 sit
429 971 465 1029 de
477 984 610 1049 tempore
620 970 696 1029 inter
708 970 857 1029 florentem
869 968 973 1029 urbem
1017 968 1095 1027 inter
1106 988 1198 1028 annos
1209 970 1348 1027 abo-300
1357 989 1387 1047 p.
1399 968 1433 1029 G.
1449 969 1559 1046 scripto
1572 967 1732 1027 desumtam
1743 988 1809 1028 esse

188 1081 216 1125 et
230 1088 245 1125 a
259 1067 426 1127 iustiniano
435 1078 624 1125 restauratam
638 1063 743 1124 medio.
757 1062 836 1121 ldern
849 1064 927 1124 cadit
940 1066 973 1123 in
1019 1084 1133 1124 censeo.
1154 1065 1296 1126 Nauticdn
1311 1079 1457 1126 auctorem
1468 1065 1648 1141 antiquiores
1657 1064 1719 1143 περὶ
1731 1066 1809 1139 λιμέ-

187 1160 363 1233 Berenicen,
388 1161 472 1239 cujus
488 1172 593 1239 portus
611 1159 700 1217 hodie
718 1160 847 1238 parvulis
861 1173 972 1219 tantum
1017 1184 1068 1219 νων
1081 1161 1174 1221 libros
1187 1163 1314 1231 Cleonis,
1334 1160 1544 1233 Timosthenis,
1556 1160 1715 1237 Timageti,
1731 1160 1808 1219 Cra-

188 1258 315 1333 narigiis
335 1270 423 1335 patet,
445 1254 544 1313 Nostri
566 1268 660 1312 autern
675 1266 758 1312 aetate
781 1252 866 1332 pejus
885 1256 971 1313 etiarn
1017 1257 1095 1329 tetis,
1120 1256 1245 1315 aliorum
1265 1257 1296 1315 in
1318 1274 1389 1315 usus
1407 1275 1476 1315 suos
1493 1256 1672 1314 convertisse
1690 1275 1809 1315 sumere

187 1353 323 1413 habuisse
335 1353 466 1423 videtum
483 1370 549 1411 nam
569 1352 721 1428 signantur
733 1352 849 1427 quidem
870 1350 973 1409 brevia
1017 1353 1095 1412 licet.
1108 1353 1290 1431 Quamquam
1303 1353 1340 1411 de
1352 1353 1400 1411 bis
1414 1372 1473 1410 non
1486 1354 1579 1428 magis
1588 1364 1701 1411 constat
1715 1372 1807 1430 quam

183 1451 269 1529 juxta
297 1450 457 1510 Berenicen
478 1447 608 1507 cavenda
633 1462 662 1507 et
686 1448 920 1527 promontorium
935 1450 973 1508 ad
1017 1446 1054 1505 de
1082 1448 1263 1526 temporibus
1289 1447 1398 1525 quibus
1424 1459 1522 1505 noster
1545 1447 1678 1525 periplus
1704 1448 1808 1505 seculo

186 1546 266 1623 quod
278 1566 367 1605 nares
378 1544 510 1604 sistenda
527 1546 598 1619 sint,
620 1545 656 1603 de
670 1558 756 1622 portu
769 1557 862 1602 autem
882 1544 972 1603 altum
1017 1558 1122 1621 quarto
1133 1546 1178 1601 rel
1194 1546 1298 1622 quinto
1312 1545 1357 1602 vel
1368 1544 1464 1602 serius
1480 1542 1614 1613 erariis,
1630 1562 1705 1619 quos
1720 1544 1804 1601 indi-

186 1640 346 1698 silentium.
366 1640 500 1716 Denique
523 1639 736 1697 animadvertas
756 1639 788 1696 in
804 1639 899 1715 Syrtis
919 1659 974 1697 ora
1017 1643 1157 1715 cavimus,
1174 1638 1303 1696 sontibus
1314 1639 1442 1715 primum
1457 1637 1686 1710 consarcinatus,
1697 1637 1808 1697 deinde

187 1734 312 1811 liperum
332 1734 391 1792 dici
412 1738 557 1791 castellum
580 1734 790 1809 bardamramis
805 1734 867 1809 86),
892 1736 972 1811 quod
1017 1737 1101 1794 vario
1117 1736 1204 1793 modo
1216 1748 1245 1793 et
1256 1750 1357 1795 auctus
1365 1749 1393 1795 et
1405 1748 1554 1794 truncatus
1565 1737 1612 1793 sit.

188 1829 244 1886 nisi
257 1828 371 1887 labante
384 1828 444 1906 jam
467 1830 497 1886 in
511 1828 612 1887 Africa
628 1827 823 1886 Romanorum
843 1830 974 1905 potentia
1058 1851 1128 1892 ara.
1147 1830 1451 1891 Enunrerandisvitiis
1464 1831 1573 1909 quibus
1591 1830 1668 1889 liber
1679 1833 1808 1892 loedatur

187 1924 283 1983 locum
297 1924 402 1983 babere
414 1925 464 1982 vix
480 1925 587 2002 potuit.
1018 1926 1181 1987 innumeris
1189 1949 1247 1986 non
1258 1928 1410 1987 immoror.
1421 1927 1532 1985 Paucas
1540 1928 1661 2005 paginas
1669 1928 1807 1987 lustranti

226 2042 258 2079 ar
270 2042 294 2080 ι.
315 2020 509 2081 Transeamus
529 2024 559 2078 in
574 2020 714 2099 Cyprum.
735 2020 913 2083 Memoratur
928 2020 971 2083 ibi
1018 2020 1133 2080 abunde
1146 2023 1252 2100 cuique
1266 2042 1313 2081 res
1322 2021 1443 2100 patebit.
1458 2019 1571 2080 Sortem
1581 2022 1656 2079 hanc
1669 2023 1805 2101 iniquam

186 2120 212 2200 (s
226 2119 291 2197 304]
310 2120 386 2187 πολις
408 2119 503 2199 ἔρημος
531 2116 718 2197 Ἀμμόχωστος
741 2118 886 2197 λεγομένη,
906 2140 972 2198 quae
1017 2130 1098 2175 tanto
1109 2119 1259 2177 molestius
1269 2119 1390 2177 serimus
1400 2120 1509 2196 quanto
1521 2118 1628 2177 clarius
1642 2119 1688 2177 vel
1701 2121 1733 2177 in
1743 2133 1809 2179 tan·

185 2234 274 2291 quum
301 2216 330 2273 in
352 2215 452 2273 eodem
475 2228 568 2273 tractu
587 2226 723 2292 ponatur,
741 2214 771 2273 in
792 2235 851 2291 quo
867 2215 972 2273 Strabo
1017 2213 1125 2270 talabe
1145 2214 1270 2292 pretium
1294 2214 1428 2293 opusculi
1443 2215 1583 2272 eximium
1604 2218 1803 2290 cognoscitur.

186 2310 350 2370 leucollam
366 2324 394 2369 et
408 2312 552 2369 Arsinoen
566 2308 705 2381 collocat,
725 2310 770 2368 rel
790 2310 862 2384 lraec,
875 2324 971 2387 utego
1015 2306 1133 2367 Nullum
1148 2310 1219 2385 novi
1235 2309 1355 2382 librum,
1371 2311 1423 2387 qui
1444 2310 1474 2367 in
1494 2310 1625 2368 locorum
1641 2310 1806 2370 maritimo·

185 2420 296 2483 putem,
315 2408 361 2465 vel
375 2406 426 2464 illa
436 2420 572 2482 tanquam
583 2404 656 2464 urbs
669 2406 765 2463 arenis
777 2404 883 2463 obruta
893 2406 971 2483 apud
1016 2426 1081 2464 rum
1103 2425 1224 2464 recensu
1241 2407 1341 2485 copias
1355 2420 1507 2483 expromat
1517 2406 1682 2466 uberiores.
1696 2408 1805 2466 Prori-

185 2500 320 2561 Nostrum
343 2503 535 2579 significatur,
553 2514 585 2560 ut
597 2502 724 2579 primum
745 2502 800 2559 boc
815 2514 909 2580 pateat
922 2521 972 2580 pe·
1014 2521 1060 2559 me
1074 2501 1185 2559 accedit
1197 2502 1380 2574 Ptolemaeus,
1394 2502 1486 2561 multo
1499 2514 1594 2561 tamen
1609 2502 1734 2561 inferior
1744 2504 1803 2579 Γ).

184 2598 292 2674 riplum
311 2597 464 2657 Strabonis
482 2609 564 2655 aetate
581 2596 732 2673 juniorem
753 2615 825 2655 esse.
849 2596 884 2653 Et
897 2617 970 2674 quo·
1014 2598 1153 2656 Nauticus
1172 2618 1244 2655 vero
1266 2600 1354 2671 liber,
1389 2599 1503 2677 qualem
1532 2598 1632 2675 Libyae
1653 2612 1683 2656 et
1711 2602 1806 2659 Creta

186 2695 262 2749 niam
281 2694 452 2751 Ptolemaeus
475 2709 594 2768 quoque
615 2708 710 2768 neque
735 2691 879 2751 Arsinoen
895 2692 971 2751 hanc
1013 2694 1170 2773 descriptio
1182 2695 1319 2771 ostendit,
1330 2696 1434 2754 unicus
1445 2708 1490 2754 est
1503 2716 1589 2773 quem
1602 2714 1640 2754 ex
1658 2708 1719 2754 tota
1730 2701 1806 2757 anti·

185 2805 280 2861 neque
291 2786 454 2845 leucollam
471 2786 565 2856 novit,
575 2784 634 2862 jam
646 2786 788 2843 desertam
800 2799 867 2844 tunc
883 2786 972 2845 luisse
1013 2792 1125 2868 quitate
1137 2790 1278 2851 habemus
1288 2792 1443 2870 reliquum.
1455 2792 1549 2868 Cujus
1560 2806 1668 2870 quanta
1682 2794 1722 2851 sit
1733 2795 1804 2853 fides

184 2901 271 2956 quam
286 2882 355 2940 dicit
366 2881 469 2940 Noster
485 2880 589 2939 urbem
604 2881 785 2955 conjicimus.
798 2881 890 2940 Simul
898 2902 971 2941 vero
1013 2901 1041 2945 et
1050 2887 1080 2945 in
1090 2888 1288 2947 situlocorum
1300 2887 1466 2948 deliniendo
1475 2888 1597 2958 utilitas,
1609 2888 1803 2948 recentissima

186 2977 327 3036 concedes
355 2977 533 3056 ἀμμόχωστον
557 2997 616 3036 non
645 2978 734 3036 luisse
759 2997 864 3036 nomen
887 2977 971 3037 urbis
1014 2984 1139 3040 maxime
1153 2983 1402 3062 peregrinatone,
1424 2984 1457 3041 in
1472 2983 1558 3041 Creta
1578 2982 1757 3060 Pasbleyus,
1772 2987 1803 3042 in

185 3072 358 3150 proprium,
372 3072 423 3132 sed
440 3073 561 3130 desertas
584 3071 679 3130 ruinis
694 3072 828 3144 inditum,
848 3091 971 3150 eamque
1014 3077 1112 3157 Libya
1119 3079 1338 3139 strenuissimus
1346 3078 1484 3136 Bartlrius
1496 3091 1595 3136 noster
1605 3079 1804 3156 patefecerunt

186 3167 410 3244 appellationem
435 3167 530 3226 serius
550 3165 681 3237 demum,
700 3187 789 3243 quum
815 3169 969 3246 proprium
1014 3177 1260 3254 sepiusquegratt
1269 3195 1303 3234 ae
1312 3173 1478 3233 mirabundi
1489 3175 1804 3253 praemonstrare

187 3279 292 3320 nomen
303 3262 333 3319 in
348 3260 527 3320 oblivionem
541 3262 600 3335 jam
611 3261 741 3332 abiisset,
754 3281 809 3322 usu
820 3264 969 3322 communi
1013 3271 1201 3330 vehementer
1221 3272 1353 3331 dolemus
1366 3270 1530 3348 Smythium
1558 3284 1587 3329 et
1601 3270 1798 3348 Beeclieyum,

184 3375 247 3416 esse
265 3357 408 3436 receptam
423 3358 467 3435 (*).
497 3357 642 3416 Praeterea
667 3358 831 3417 citeriorem
858 3372 970 3417 atatem
1015 3369 1125 3444 anglos
1138 3367 1241 3427 doctos
1261 3367 1483 3445 diligentesque,
1508 3365 1617 3444 quibus
1641 3359 1802 3445 plui-imni„

184 3452 969 3534 1611010101]οᾶἹερᾶτωτναςηῦΰᾶυῶῦψυᾶΝοεῑΓῑιῐΰ
1013 3483 1068 3522 nos
1084 3463 1234 3537 debemus,
1247 3484 1337 3542 quum
1351 3465 1541 3543 amplissimis
1553 3464 1647 3543 copiis
1666 3465 1803 3524 instructi

185 3563 217 3606 nt
227 3550 257 3607 in
270 3551 363 3608 Dione
374 3551 510 3609 Cassioet
520 3549 655 3609 Hierocle
665 3549 824 3629 Ἱερᾶπυδνα
836 3565 969 3613 vocaltlt'.
1015 3557 1117 3639 Libyae
1128 3581 1209 3620 oram
1224 3573 1303 3621 teri-a
1321 3561 1454 3638 marique
1465 3561 1671 3639 explorarent,
1686 3561 1803 3620 Stadia.

184 3643 361 3722 Adde83⁰²
376 3657 404 3702 et
419 3646 473 3701 311
491 3646 598 3704 fortnas
613 3645 803 3724 1100010κῦ101
819 3650 970 3724 Κρομμυα·
1012 3659 1069 3723 sini
1094 3658 1186 3717 nostri
1207 3658 1295 3718 fuisse
1307 3660 1500 3716 immemores,
1514 3657 1607 3727 Quem
1625 3658 1649 3714 si
1664 3672 1785 3716 nossem
1792 3703 1802 3730 ‚

185 3737 230 3795 ²⁴5⁹
253 3737 516 3818 01010011111111
534 3753 563 3797 θῑ
584 3739 729 3818 1110110101
742 3739 825 3819 ἄκρα,
842 3761 967 3819 quorum
1013 3752 1191 3828 haudpaura
1203 3754 1420 3812 constituissent
1431 3753 1594 3810 accuratius
1603 3752 1804 3829 vitassentque

185 3833 252 3905 ¹5⁰⁰,
266 3833 318 3891 0¹⁸5
334 3833 438 3891 1911181
448 3847 631 3911 100οΡ1001,
648 3835 711 3911 1088
729 3834 874 3893 N⁰⁵10li¹¹
892 3838 969 3896 Asiae
1012 3867 1127 3908 errores
1136 3868 1211 3927 quos
1222 3849 1378 3908 Ptolemaeo
1389 3847 1456 3906 duci
1471 3847 1564 3907 iulirlo
1576 3847 1686 3907 addicti
1696 3868 1804 3908 carere

186 3927 309 3986 llinoris
329 3929 450 4006 paraplo
467 3927 494 4007 (S
511 3929 574 4004 197)
588 3927 684 3988 habet.
697 3929 753 3988 Sed
768 3931 889 3990 levioris
908 3932 970 3991 lraec
1012 3945 1063 4002 vix
1079 3957 1223 4022 porei-int,

185 4023 574 4084 m⁰m²nfi⁵¹¹flleif⁰li⁸³⁸0
588 4025 618 4083 5¹¹
635 4024 778 4104 KP0t²t²⁶0⁰
793 4025 883 4106 ἄκρον,
904 4030 971 4086 Nut-
1054 4043 1124 4100 213.
1146 4041 1307 4100 Ediderunt
1331 4041 1478 4120 periplum
1505 4041 1610 4100 lriarte
1632 4054 1661 4099 et
1683 4041 1802 4101 Gallius

187 4116 243 4197 pti<
255 4115 334 4197 ispo*
355 4119 529 4195 refingendtt·
543 4119 677 4179 Ceterum
690 4121 766 4180 finiet·
778 4122 868 4200 Cypri
881 4122 969 4182 urbes
1013 4149 1041 4192 et
1056 4135 1257 4195 lloffmannus.
1275 4137 1410 4194 Codicem
1430 4137 1527 4194 denuo
1538 4137 1663 4196 contulit
1681 4136 1714 4197 E.
1733 4137 1802 4195 llil·

183 4217 313 4296 periplus
328 4217 501 4276 Salaminem
520 4231 666 4296 recenset,
679 4239 766 4296 quam
784 4218 969 4279 Constantini
1015 4232 1393 4310 ierus‚vide„01‚sdpsg,
1420 4242 1489 4306 427,

183 4313 280 4390 llagui
288 4333 365 4374 anuo
379 4333 417 4392 ²9
428 4327 511 4372 terrae
519 4328 598 4375 motu
608 4314 734 4374 dirutam
746 4329 774 4375 et
782 4330 847 4396 post
857 4329 968 4376 restau-

214 4481 248 4540 (*)
262 4481 332 4538 Quod
348 4483 406 4532 olim
417 4483 441 4531 ln
455 4482 576 4533 Ptolemaei
587 4485 627 4544 (11,
642 4489 670 4534 ts
686 4483 851 4544 >editionibus
869 4497 884 4535 s
898 4483 970 4534 oodd.
984 4485 1077 4548 aliquot
1088 4485 1210 4548 legebatur
1225 4486 1401 4552 Ἆμμόχωστος,
1414 4487 1455 4538 ubi
1465 4488 1575 4539 meliores
1592 4488 1665 4538 codd.
1679 4489 1802 4547 ilnta'tm

182 4551 460 4614 recorroboramus
479 4553 601 4615 marginali
621 4553 714 4603 illalum
728 4557 773 4602 est.
787 4555 879 4604 Etenim
898 4567 974 4617 quum
990 4563 1073 4617 postes
1085 4559 1109 4606 iu
1129 4557 1208 4606 locum
1225 4557 1292 4607 urbis
1305 4559 1407 4608 dasena
1422 4572 1485 4609 nors
1497 4559 1555 4608 urbs
1567 4559 1729 4617 successisset,
1742 4575 1805 4621 circas

182 4633 270 4670 nomen
282 4621 328 4670 loci
344 4622 446 4682 deserti,
464 4625 529 4684 qnod
553 4635 597 4672 usu
613 4622 758 4684 invaluerat,
772 4626 923 4674 conservarit
938 4625 1076 4686 (bodlerne
1098 4629 1277 4690 ramesmere)
1291 4643 1299 4678 ι
1313 4629 1377 4679 trane
1391 4629 1502 4679 librarios
1515 4630 1614 4692 quidam
1632 4632 1735 4692 cyprius
1748 4632 1802 4690 (rt.

183 4692 235 4742 not.
245 4689 275 4739 ad
287 4691 302 4754 ς
313 4693 374 4752 ³07)
390 4693 490 4754 margini
504 4691 640 4755 adscdpsit,
651 4693 732 4755 postea
747 4693 807 4743 alius
818 4694 842 4742 ln
851 4697 947 4744 textum
957 4698 1056 4763 recepit,
1064 4700 1174 4761 etquurn
1185 4699 1303 4762 graduum
1317 4699 1412 4749 numeri
1423 4713 1472 4749 uon
1482 4699 1607 4762 adessent,
1615 4703 1639 4750 in
1651 4704 1717 4750 note
1732 4703 1805 4752 irrisis

182 4762 284 4824 gmtiam
300 4761 421 4812 Pedalium
430 4775 508 4826 prom.
524 4763 602 4826 eiecit.

213 4859 257 4919 θ’)
271 4860 298 4908 ln
309 4871 359 4908 ore
376 4857 469 4920 Libycae
481 4857 539 4908 locis
555 4867 597 4912 tar
610 4873 682 4922 supra
697 4858 794 4922 triginta
805 4863 945 4922 amomum,
955 4874 1059 4926 quonum
1072 4862 1162 4912 mentio
1174 4863 1238 4927 apud
1252 4865 1410 4915 Ptolemaeum
1422 4877 1471 4913 non
1483 4866 1599 4916 occurrit.
1613 4864 1674 4916 vido
1683 4863 1700 4928 ς
1708 4871 1733 4916 0.
1757 4873 1800 4916 20.

182 4935 221 4980 ai.
237 4935 275 4980 00.
290 4935 329 4981 11.
341 4933 378 4981 12.
393 4933 432 4980 11.
444 4935 572 4983 stataet.
583 4938 622 4982 00.
636 4935 675 4982 07.
686 4935 769 4982 1941.
784 4935 966 4984 70708081.
983 4939 1021 4984 00.
1035 4937 1074 4983 tt.
1089 4941 1141 4986 100.
1157 4940 1209 4986 101.
1226 4939 1277 4987 111.
1290 4942 1341 4987 110.
1359 4940 1411 4986 tto.
1426 4939 1477 4986 tat.
