3775 5750
134 375 171 426 ιο
652 352 853 415 bannonis
873 351 1229 414 clurflaututausffl
1716 353 1748 433 (ε)

133 496 159 553 ἐν
172 492 303 564 θαλάττης
318 491 437 571 χάσματι
458 486 615 566 insanius,
630 478 661 558 i<
676 485 722 544 tsi
741 483 838 564 θάτερα
851 483 916 564 πρὸς
961 511 1081 548 nemum
1088 494 1208 546 venimus
1215 493 1294 544 maris
1306 491 1417 556 hiantes,
1427 489 1629 562 rujmahaltera
1637 503 1712 564 pane
1722 495 1751 546 in

135 579 310 662 τῇγῇπεθίον
324 571 365 651 ἦν·
378 576 435 638 όθεν
450 575 539 642 νυκτός
550 577 774 655 όρεωρῶρενπῦρ
786 571 912 652 άναρερό·
964 584 1115 634 continente
1136 580 1256 652 planities
1278 590 1350 642 erat;
1371 577 1443 632 unde
1468 589 1549 632 noctu
1566 581 1753 651 prospeximus

134 694 212 748 μενον
236 668 401 748 πανταχόθεν
421 669 481 726 κατ’
500 662 674 740 ἀποστάσεις,
696 661 727 720 τὸ
751 661 800 738 μὲν
824 661 916 737 πλέον,
964 669 1038 738 ignes
1055 666 1174 737 undique
1191 667 1333 720 emicantes
1346 683 1394 738 per
1413 663 1561 730 intervalla,
1575 675 1634 718 tum
1652 669 1752 736 magis,

134 759 163 818 τό
176 762 198 820 θ’
211 759 328 818 ἔλαττον.
964 767 1022 810 tum
1034 755 1132 808 minias¹

175 868 213 907 tt.
228 844 434 926 Ὑδρευσάρενον
446 842 578 902 δ”ἔκεῖθεν
593 838 722 916 ἐπλέομεν
732 840 768 906 εἰς
781 837 918 917 ratespo-
1002 847 1044 906 τά.
1065 840 1131 896 Inde
1141 842 1230 912 aquati
1241 839 1349 894 ulterius
1358 839 1537 909 navigavimus
1547 837 1624 909 juxta
1631 838 1694 892 litus
1705 857 1756 911 per

137 939 196 995 σθεν
210 933 312 1011 ἡμέρας
328 932 404 990 πέντε
417 930 492 1012 παρὰ
504 935 564 1008 γῆν,
577 929 639 1008 άχρι
651 929 765 1003 ἤλθομεν
783 929 821 994 εἰς
834 925 919 1004 μέγαν
964 931 1021 984 dies
1038 930 1170 1002 quinque,
1194 928 1280 980 donec
1299 929 1327 980 in
1348 945 1473 996 magnum
1496 928 1585 980 sinum
1612 929 1755 992 venimus,

134 1022 242 1094 κόλπον,
266 1020 295 1081 θν
317 1019 418 1102 ἔρυσαν
441 1021 465 1077 οἱ
484 1016 609 1096 ἑρμηνέες
629 1017 768 1076 καλεῖσθαι
787 1013 918 1094 Ἑσπέρου
964 1037 1044 1091 quem
1061 1019 1217 1088 interpretes
1229 1016 1316 1068 vocari
1325 1013 1449 1068 dieebant
1461 1015 1571 1085 Hesperi
1583 1015 1684 1068 Cornu.
1723 1017 1758 1066 In

134 1109 234 1191 Κόρας.
276 1107 325 1170 Ἐν
345 1108 374 1167 δὲ
393 1105 478 1186 τυότῳ
501 1111 580 1179 νῆσος
599 1097 632 1178 ἦν
648 1104 751 1182 μεγάλη
772 1103 819 1162 καλ
839 1105 867 1162 is
885 1125 919 1182 τη
964 1125 997 1160 eo
1012 1104 1096 1159 insula
1113 1113 1285 1172 eratrnagna,
1300 1113 1327 1156 et
1338 1101 1466 1155 mimula
1484 1101 1556 1155 lacus
1575 1103 1704 1166 marinus,
1728 1104 1759 1154 in

133 1354 170 1365 -
183 1317 217 1389 ἧς
237 1322 286 1376 tat
306 1322 422 1391 θάτερα
442 1319 508 1373 κτλ.
518 1321 529 1388 ]
538 1319 701 1373 Concinnius
723 1314 791 1370 leret
804 1311 833 1367 eir
846 1315 885 1368 tsi
899 1315 924 1368 θ.
968 1313 1111 1366 fluviorum
1121 1309 1176 1382 (rio
1184 1309 1287 1362 Gebnet
1295 1308 1335 1361 rio
1342 1305 1446 1361 Grande
1455 1307 1463 1379 )
1472 1305 1566 1361 alluvie
1574 1308 1626 1360 siut
1635 1316 1759 1375 aggestae.

133 1405 230 1472 Ingens
244 1401 287 1454 ille
301 1402 388 1454 hiatus
406 1417 486 1470 quem
505 1399 617 1451 marein
635 1408 732 1449 terram
751 1413 779 1448 se
790 1394 926 1446 insinuans
967 1393 1000 1446 Id
1014 1411 1076 1446 vero
1088 1408 1169 1461 genus
1183 1388 1274 1442 iusulae
1286 1405 1370 1459 quum
1383 1388 1466 1440 varias
1475 1386 1587 1440 subinde
1597 1388 1762 1440 mutationes

134 1481 275 1546 efficiebat,
288 1478 417 1551 cujusque
433 1479 467 1532 ab
478 1478 561 1531 altero
572 1477 653 1531 latere
666 1478 695 1528 in
709 1474 861 1528 eontineute
872 1473 927 1544 pla-
968 1473 1022 1542 pati
1036 1469 1145 1534 soleant,
1160 1467 1225 1520 nihil
1239 1485 1296 1520 asse
1307 1465 1469 1531 mirandum,
1483 1467 1504 1517 si
1515 1465 1598 1518 insula
1612 1465 1679 1528 talis,
1691 1483 1762 1535 qua-

135 1563 298 1626 nubserat,
314 1560 379 1614 dum
393 1559 429 1614 ed
446 1559 559 1613 alterum
576 1559 645 1612 latus
658 1567 762 1610 montes
773 1555 855 1608 modo
872 1573 927 1607 me·
969 1549 1021 1602 lem
1041 1549 1137 1602 Hanno
1159 1545 1270 1610 viderit,
1284 1544 1363 1598 hodie
1381 1562 1435 1597 non
1455 1543 1566 1614 amplius
1581 1553 1674 1596 exstet.
1695 1545 1763 1597 llaec

136 1643 232 1694 morati
243 1639 446 1711 pertingebant:
460 1641 483 1691 is
494 1639 719 1708 biatus,inquam,
731 1635 839 1704 intelligi
848 1633 928 1687 debet
969 1627 1121 1682 liennelius.
1141 1626 1388 1697 interpretationem
1403 1623 1453 1676 viri
1472 1623 1616 1676 doctissimi
1631 1643 1665 1676 ex
1681 1641 1765 1678 aecu-

135 1719 187 1773 late
209 1719 324 1773 eliusum
343 1719 441 1771 ostium
462 1718 582 1772 Gambiae
599 1717 673 1769 liuvii
697 1713 862 1787 (Μασιθόλου
882 1731 925 1784 ap.
969 1707 1111 1762 latioribus
1132 1707 1215 1760 nostri
1235 1706 1283 1758 aevi
1305 1706 1407 1776 mappis
1432 1704 1570 1758 maritimis
1595 1703 1764 1756 confirmabo

137 1799 250 1853 Ptolem.
260 1817 289 1870 p.
300 1814 364 1868 292,
378 1797 437 1872 ιθ),
449 1806 655 1851 utreetecenset
665 1794 807 1848 liennelius
818 1793 926 1864 (Geogr.
969 1788 1048 1840 simut
1070 1797 1097 1840 et
1118 1784 1276 1840 emendabo.
1298 1785 1431 1836 Nimirum
1448 1783 1532 1836 insuia
1553 1784 1601 1836 ista
1622 1783 1766 1854 singuhris

137 1889 203 1946 syst.
227 1876 262 1946 of
277 1876 403 1930 Herodot.
425 1876 551 1948 P·’7¹9)»
572 1877 613 1928 vir
629 1892 719 1927 rerum
734 1874 927 1926 maritimarum
969 1865 1047 1938 plane
1068 1865 1175 1928 forme,
1197 1881 1256 1934 quae
1272 1861 1348 1916 aliam
1369 1861 1480 1914 insulam
1494 1861 1659 1928 includebat,
1679 1865 1765 1916 etiarn

136 1958 327 2028 peritissimus,
349 1955 449 2028 quide
471 1965 604 2026 postrema
627 1953 723 2024 Peripli
745 1953 830 2006 nostri
853 1962 928 2023 parte
970 1962 1056 2008 nunc,
1075 1943 1152 1996 sicuti
1168 1942 1305 1996 Hannoms
1323 1952 1413 2006 etate,
1434 1941 1543 1994 exsistit.
1565 1941 1651 1994 iiodie
1669 1943 1765 2014 appel-

41 2021 50 2046 *
138 2037 242 2106 egregie
264 2037 376 2100 meruit,
397 2033 525 2105 cujusque
548 2033 663 2086 rationes
678 2030 795 2084 Ulrertus
820 2047 929 2100 quoqne
971 2023 1045 2094 latur·
1056 2025 1177 2089 Hurang.
1202 2023 1300 2075 Hanno
1321 2037 1442 2090 magnam
1460 2019 1541 2084 dicit,
1564 2039 1595 2074 nc
1617 2039 1709 2074 revera
1734 2025 1766 2075 iu

137 2115 269 2188 probarit.
285 2113 465 2169 Latitudinem
479 2112 598 2166 Gambire
614 2111 760 2164 aderitum
781 2113 865 2163 60-80
878 2120 929 2162 sta·
972 2103 1024 2156 hoc
1037 2101 1202 2174 archipelago
1223 2101 1344 2154 omnium
1365 2099 1480 2153 maxima
1494 2110 1542 2152 est.
1558 2101 1631 2154 Mare
1651 2101 1678 2154 in
1701 2119 1766 2154 earn

139 2191 246 2245 diorum
259 2210 315 2246 esse
326 2190 407 2244 tradit
417 2190 585 2243 Cadamosto.
605 2193 644 2244 Ae
655 2198 729 2242 tanto
743 2187 845 2240 facilius
862 2188 930 2240 acci·
972 2201 1020 2254 per
1032 2181 1120 2236 iauoes
1132 2184 1233 2234 intrans
1249 2179 1367 2251 amplum
1380 2180 1468 2233 sinum
1482 2179 1522 2232 vel
1538 2181 1626 2250 potius
1640 2179 1766 2250 λιμνοθά-

101 2259 116 2314 ἕ
140 2268 180 2323 dit
190 2280 222 2324 ut
234 2273 331 2324 ostium
345 2270 419 2323 fluvii
431 2287 481 2341 pro
495 2271 575 2322 maris
585 2269 660 2322 hiatu
669 2268 822 2332 haberetur,
833 2268 855 2318 si
864 2284 929 2337 prae-
972 2262 1067 2315 λασσαν
1081 2261 1191 2334 (λάρνην
1206 2259 1354 2327 θαλαοσώδη
1365 2259 1482 2332 Periplus
1491 2258 1571 2312 habet
1581 2258 1589 2332 )
1600 2258 1689 2326 eilicit,
1701 2279 1767 2331 quse

141 2350 316 2420 ternaugasse
325 2349 484 2402 Hannonem
495 2358 640 2400 statuamus
649 2365 739 2402 mense
750 2345 871 2410 Octobri,
884 2363 930 2398 seu
973 2344 1030 2413 ipsa
1041 2341 1147 2396 alteram
1160 2339 1231 2394 baud
1243 2342 1364 2410 exiguam
1375 2337 1485 2392 insulam
1498 2339 1625 2392 eontinet.
1640 2341 1701 2392 ttae
1714 2341 1767 2409 igi-

141 2430 282 2482 alemanni
294 2439 457 2500 tempestate,
470 2445 522 2498 qua
533 2428 629 2480 liuvius
640 2445 723 2499 purus
734 2426 793 2480 lluit
801 2423 931 2497 placidus·
973 2430 1018 2472 tur
1033 2421 1066 2472 ita
1081 2429 1231 2491 conrpamta
1244 2429 1319 2486 sunt,
1333 2429 1363 2472 ut
1379 2418 1412 2470 de
1426 2417 1484 2471 loeo
1496 2419 1538 2471 cui
1550 2418 1623 2470 sinus
1641 2415 1765 2490 Ἑσπέρου

141 2525 203 2578 que.
218 2509 278 2561 Hoc
295 2519 383 2560 autem
404 2517 508 2578 tempus
527 2507 628 2560 itineris
648 2505 727 2558 inisse
747 2523 780 2557 ea
799 2523 832 2556 eu
851 2505 930 2556 etiarn
973 2500 1043 2570 κέρας
1067 2497 1238 2568 assignandus
1258 2499 1308 2563 sit,
1331 2497 1419 2551 omnis
1439 2495 1596 2568 presidatur
1619 2495 1765 2552 dubitatio.

144 2584 322 2650 concluditur,
342 2583 415 2656 quod
428 2585 518 2637 herbae
533 2586 666 2638 exsiccate
679 2594 744 2637 tunc
763 2582 869 2636 incendi
889 2601 931 2636 so-
973 2579 1105 2632 Errarunt
1118 2575 1337 2646 Bougainrillius,
1352 2575 1507 2640 Danvillius,
1520 2576 1683 2640 Mauuertus,
1699 2577 1766 2644 alii,

142 2663 212 2730 lent;
230 2663 305 2734 eujus
323 2663 439 2717 incendii
453 2664 572 2716 flammas
588 2665 754 2733 agnoscimus
773 2664 801 2715 in
815 2662 932 2714 flumini·
974 2661 1019 2729 qni
1036 2657 1155 2730 Ἑσπέρου
1166 2657 1236 2729 κέρας
1249 2674 1303 2710 non
1318 2656 1406 2709 sinum
1418 2653 1464 2708 sed
1476 2655 1688 2725 promontorium
1706 2675 1768 2710 esse

144 2743 193 2796 bus
205 2743 254 2796 iliis
265 2744 357 2813 igneis,
369 2759 428 2813 quse
436 2752 624 2813 pretereuntes
635 2742 860 2810 Carthaginienses
869 2759 932 2794 eon·
974 2749 1118 2810 putarunt,
1132 2739 1195 2810 quia
1210 2737 1320 2790 seriores
1340 2733 1481 2806 geographi
1501 2732 1535 2786 ad
1551 2737 1768 2804 promontorium

143 2833 295 2893 sparserunt.
310 2821 322 2889 ll
334 2819 490 2882 -νυκτδς
507 2818 694 2893 άρεωρῶμεν
713 2820 930 2890 sip]Ci.§rl,1
976 2836 1073 2872 nomen
1094 2820 1146 2872 hoc
1168 2815 1367 2870 transtulerunt.
1392 2815 1440 2868 iiis
1460 2811 1528 2866 aride
1551 2811 1678 2882 Kiugium
1699 2816 1767 2886 qui,

143 2900 235 2973 ἡμέρας
250 2900 293 2972 μὲν
306 2898 375 2953 olbis
389 2898 536 2971 άρεωρῶρεν
549 2900 587 2953 ὅτι
600 2897 633 2971 μὴ
648 2898 723 2966 θλην.
737 2898 822 2961 νυκτὸς
831 2897 857 2952 δὲ
870 2900 933 2972 πυρά
980 2925 991 2945 ·
1006 2898 1176 2953 Manifestum
1190 2907 1246 2963 est,
1260 2897 1363 2968 inquit,
1379 2896 1400 2949 si
1412 2892 1524 2948 Diodori
1543 2904 1569 2947 et
1582 2894 1660 2947 Plinii
1673 2913 1769 2949 narru-

145 3004 173 3039 τε
186 2984 269 3039 πολλά
280 2984 348 3048 κτλ,
364 2983 456 3053 ibique
469 2993 526 3036 not.
977 2980 1076 3033 tionem
1091 2996 1152 3031 eum
1164 2976 1269 3047 Periplo
1280 2973 1410 3040 conseras,
1430 2974 1499 3029 hanc
1510 2990 1585 3027 mam
1598 2972 1699 3045 (prope
1712 2994 1769 3048 cap

180 3066 251 3132 314.
267 3063 386 3116 κόλπον
401 3059 759 3133 ‘sustentamentum
776 3060 934 3117 vocabulum
979 3060 1044 3111 Vere
1056 3058 1065 3131 )
1079 3073 1169 3111 veiseis
1180 3046 1346 3109 occidentem
1360 3054 1397 3107 ita
1409 3054 1465 3107 esse
1483 3054 1511 3106 in
1534 3070 1606 3107 mare
1620 3053 1767 3124 projectam

144 3142 301 3215 plerumque
311 3141 486 3195 dementium
497 3141 640 3194 verticibus
652 3140 693 3194 rel
702 3140 735 3193 de
744 3144 935 3212 promontoriis
978 3147 1004 3189 et
1015 3137 1227 3209 promontorium
1239 3153 1301 3189 cnm
1315 3136 1375 3188 sinu
1388 3136 1425 3187 ita
1434 3135 1562 3197 eminete,
1576 3143 1605 3186 ut
1616 3143 1767 3190 extremum

146 3223 175 3274 in
194 3228 267 3275 mare
280 3221 480 3275 excurrentibus
500 3231 644 3293 usurpant3
660 3236 854 3292 nonnunquam
872 3240 935 3275 vero
978 3214 1058 3286 idque
1076 3215 1198 3269 tiltimum
1212 3214 1302 3285 Libyae
1322 3223 1401 3285 eaput
1420 3211 1603 3282 navigantibus
1616 3222 1766 3283 putaretur,

147 3300 226 3353 etiam
247 3299 390 3353 fluviorum
406 3301 473 3353 nsua
487 3310 612 3371 tanquam
633 3299 734 3351 Occasu
750 3314 867 3363 cornua,
885 3317 935 3351 nec
978 3311 1057 3364 supra
1070 3294 1143 3366 quorl
1164 3310 1254 3347 versus
1267 3291 1430 3347 occidentem
1446 3292 1548 3345 nubum
1564 3291 1675 3364 amplius
1693 3295 1769 3347 inve·

146 3396 202 3431 non
215 3379 295 3430 maris
305 3379 378 3431 sinus
389 3388 507 3431 tortuose
515 3378 542 3430 in
557 3388 654 3430 terram
665 3386 833 3447 penetrantes
842 3376 934 3432 eadem
979 3375 1090 3427 niretur.
1107 3371 1148 3427 Ab
1164 3372 1214 3426 hac
1233 3382 1308 3445 parte
1320 3388 1367 3423 ora
1386 3388 1477 3423 versus
1493 3370 1631 3424 meridiem
1651 3371 1769 3425 ilectitur

147 3476 212 3511 voce
222 3457 419 3511 describuntur.
439 3459 481 3511 Sic
495 3456 650 3529 Apollonius
661 3455 749 3509 Rhod.
769 3458 819 3522 lv,
835 3460 888 3511 282
901 3458 935 3511 de
979 3463 1005 3505 et
1017 3471 1115 3506 norum
1125 3451 1272 3506 anfractum
1283 3448 1364 3504 efficit
1373 3466 1457 3519 tuque
1469 3448 1503 3502 ad
1512 3452 1724 3521 promontorium
1737 3452 1767 3505 in

146 3538 234 3589 Istro:
249 3534 341 3589 linares
361 3537 431 3607 κέρας
447 3535 594 3600 Ὠκεανοῖο,
609 3535 656 3588 ubi
669 3534 826 3591 scholiasta-¹
841 3536 935 3607 Κέρατα
979 3532 1083 3605 Periplo
1097 3532 1179 3585 Νότου
1193 3532 1263 3601 κέρας
1275 3530 1441 3583 nominatum
1456 3531 1507 3596 [In
1522 3527 1628 3599 Periple
1642 3547 1692 3581 nora
1702 3548 1768 3601 prn-

148 3614 247 3683 λέγουσι
258 3617 302 3666 τοῦ
320 3612 440 3666 Ὠκεανοῦ
458 3616 549 3676 πάντας
560 3614 616 3675 roba
627 3614 753 3683 ποταροθς
765 3614 822 3675 reba
832 3613 873 3667 ἀπ’
892 3615 934 3669 rri-
980 3610 1145 3673 montorium,
1158 3608 1206 3663 scd
1219 3609 1281 3662 item
1294 3607 1386 3670 κόλπος
1398 3607 1550 3681 appellatur
1558 3610 1581 3676 ],
1596 3606 1670 3677 quod
1680 3620 1769 3663 extre-

147 3696 192 3745 τσθ
205 3693 421 3764 καταφερομένους.
436 3692 567 3747 Hesiodus
579 3712 622 3766 ap.
636 3692 761 3765 Apellen.
776 3694 933 3749 Isenliom,
980 3708 1054 3743 mum
1068 3688 1163 3743 Africae
1180 3689 1299 3741 australis
1312 3686 1478 3752 credebatur,
1493 3704 1577 3757 quum
1594 3704 1627 3740 ex
1647 3698 1768 3742 veterum

149 3789 172 3824 a.
182 3789 208 3824 r.
219 3772 329 3833 Φοῖθος·
340 3772 437 3824 Φοῗθον
447 3772 513 3841 ὕδωρ
525 3772 624 3844 ἐπάγων
631 3774 700 3843 κέρας
712 3772 844 3825 Ὠκεανοῖο
853 3772 933 3845 ῥοῇσι,
980 3768 1105 3839 opinione
1119 3786 1165 3821 ora
1178 3778 1243 3821 tunc
1257 3766 1292 3821 ad
1306 3766 1448 3837 AEgyptum
1468 3776 1494 3819 et
1508 3768 1596 3819 Asiam
1611 3765 1766 3831 inclinaret,

149 3848 191 3903 cf.
203 3850 361 3920 Thucydi,
375 3867 436 3915 rio,
447 3852 493 3921 qui
501 3849 667 3904 Mendesium
679 3852 936 3923 Niliostiumnppel-
981 3846 1050 3899 iuter
1066 3848 1267 3919 septemtriones
1280 3855 1307 3899 et
1320 3847 1449 3899 orientem
1469 3856 1585 3899 extenta.
1600 3846 1634 3899 Et
1647 3844 1768 3916 prolecto

149 3928 185 3982 iat
197 3929 227 3981 rb
240 3928 380 3994 Μενδήσιον
394 3930 472 3999 κέρας.
488 3928 582 3981 Strabo
593 3947 621 3999 p.
638 3929 699 3991 458.
716 3930 837 3983 Eustath.
853 3929 888 3983 ad
900 3932 934 3985 D.
981 3943 1028 3979 ora
1039 3926 1102 3979 hinc
1117 3928 1205 3980 statim
1219 3943 1309 3979 versus
1322 3925 1451 3977 orientem
1471 3924 1594 3988 flectitur,
1614 3935 1644 3977 ut
1656 3926 1768 3979 omuino

149 4008 212 4071 431.
232 4008 313 4060 Maris
330 4026 393 4061 vero
412 4009 485 4061 sinus
498 4007 573 4079 Κέρας
590 4008 696 4061 neruine
715 4018 772 4061 erat
784 4008 818 4062 ed
838 4012 937 4080 Bymn-
981 4015 1128 4058 extremum
1139 4015 1218 4077 eaput
1229 4022 1318 4057 versus
1330 3992 1447 4056 auserim
1459 4004 1538 4055 situm
1554 4001 1683 4057 videatur.
1696 4006 1769 4075 Fuge

148 4088 234 4141 tium:
250 4086 375 4148 κόλπος...
392 4086 470 4147 ἔοικὀς
483 4086 573 4156 ἐλάφου
590 4087 686 4156 κέρατι·
701 4085 734 4149 εἰς
747 4086 795 4159 γὰρ
809 4088 937 4152 πλείστους
981 4095 1052 4138 totus
1070 4084 1113 4137 hie
1127 4096 1202 4139 terre
1223 4093 1319 4137 tractans
1341 4084 1415 4154 quia
1433 4084 1616 4154 promontorio
1637 4084 1768 4155 Hesperio

149 4166 260 4236 egitrans
285 4166 399 4232 κόλπους,
420 4167 454 4228 ὡς
474 4166 503 4217 ἂν
525 4164 629 4227 κλάδους
650 4166 717 4227 τινάς
736 4166 846 4239 (Strabo
865 4169 934 4233 VII,
983 4163 1219 4237 (Ἑσπέρουκάρος)
1234 4164 1325 4234 incipit
1336 4172 1362 4216 et
1378 4162 1509 4231 ingentem
1522 4161 1669 4215 anfractum
1684 4182 1768 4236 usque

148 4261 177 4316 p.
198 4243 280 4318 320).
300 4245 402 4299 Eodem
423 4246 504 4316 igitur
525 4262 604 4298 sensu
617 4245 713 4316 Peripli
733 4256 827 4298 auctor
844 4242 936 4300 rocem
982 4242 1015 4297 ad
1036 4244 1248 4315 promontorium
1270 4240 1391 4296 australe
1416 4240 1516 4312 (Νότου
1537 4240 1623 4313 κέρας)
1651 4241 1766 4308 format,

148 4323 266 4378 adhibet.
280 4326 373 4397 ¹Sinum
387 4344 450 4379 vero
467 4325 625 4390 ilennelius,
639 4324 799 4395 suffragante
812 4325 935 4391 Ukerto,
982 4333 1052 4376 recte
1069 4340 1131 4375 cum
1151 4322 1234 4391 ligura
1253 4336 1338 4373 cornu
1357 4330 1533 4390 comparatur,
1555 4316 1629 4390 eujus
1643 4330 1769 4375 extremae

148 4403 257 4475 intelligi
273 4402 350 4474 jubet
369 4422 431 4458 eum
453 4404 500 4474 qui
525 4420 597 4455 nune
621 4413 730 4455 voeatur
750 4404 862 4471 Bissago
881 4406 936 4457 sive
982 4412 1069 4473 partes
1084 4403 1137 4454 sint
1154 4398 1271 4471 Ἑσπέρου
1290 4400 1359 4471 κέρας
1375 4410 1402 4452 et
1415 4398 1585 4469 Νθτουκέρας.
1598 4397 1768 4453 illudentem

151 4481 260 4546 Ιάὶσσοο,Ι
274 4482 385 4535 insulam
401 4492 488 4534 autern
501 4480 535 4533 ab
548 4482 679 4534 Hannone
693 4493 865 4537 memoratam
880 4501 936 4537 esse
982 4489 1022 4534 est
1042 4490 1123 4553 σαρκο
1143 4482 1171 4532 V
1171 4478 1237 4533 iride
1250 4478 1332 4551 (rapo
1348 4476 1461 4551 Verris),
1479 4476 1589 4531 alterum
1604 4495 1669 4531 rere
1687 4491 1770 4551 caput

149 4571 225 4631 putat
236 4560 392 4615 hodiernam
404 4560 585 4613 sectantum
598 4561 715 4630 primum
724 4560 777 4613 huc
787 4560 937 4616 conducere
982 4558 1098 4613 Rubrum
1114 4556 1198 4630 (rupo
1215 4558 1307 4632 Roxo)
1323 4576 1383 4611 cum
1396 4559 1457 4612 sinu
1467 4576 1526 4611 suo.
1545 4582 1555 4603 ι
1571 4558 1633 4609 Haec
1644 4558 1770 4627 probabi·

150 4637 300 4703 distantias;
314 4642 402 4695 sinum
421 4642 501 4693 istum
515 4639 549 4693 ab
567 4640 635 4693 ostio
648 4639 868 4694 Gambiaeabesse
887 4659 937 4711 τρο
982 4638 1041 4693 liter
1061 4638 1191 4710 disputata
1210 4655 1265 4691 esse
1289 4636 1371 4690 videri
1392 4647 1513 4708 possent,
1539 4638 1561 4689 si
1583 4637 1640 4707 ipso
1664 4638 1770 4709 Periplo

150 4717 232 4771 millia
245 4720 375 4773 maritima
394 4719 485 4790 (¹9⁰0
500 4718 581 4772 stadia
592 4719 614 4792 ),
635 4718 730 4772 Bnlum
753 4718 864 4773 insulam
878 4722 937 4776 mii·
983 4728 1074 4771 nostro
1084 4734 1233 4769 careremus
1253 4726 1279 4768 et
1299 4716 1404 4768 serioris
1423 4725 1526 4767 tantum
1544 4715 1591 4767 evi
1612 4715 1770 4768 testimoniis

151 4796 186 4850 lia
199 4814 268 4862 noo,
283 4797 311 4850 id
323 4799 399 4868 spatii
417 4798 582 4851 intervallum
597 4797 730 4851 eadereiu
751 4801 869 4871 quinque
882 4800 937 4853 die·
982 4816 1023 4850 res
1039 4794 1202 4868 profliganda
1218 4806 1294 4849 esset.
1312 4796 1379 4847 Nam
1392 4804 1554 4866 quantopere
1575 4794 1631 4846 buc
1648 4794 1684 4847 ab
1697 4796 1770 4849 lian-

151 4894 212 4929 rum
227 4876 436 4945 navigationem,
452 4895 534 4946 quum
548 4878 582 4932 38
597 4876 651 4930 lere
665 4877 745 4930 millia
758 4877 832 4948 (380
845 4878 936 4951 stad.)
982 4878 1059 4929 nonis
1069 4874 1155 4928 verbis
1164 4875 1331 4939 abhorreant,
1342 4876 1403 4927 satis
1412 4884 1493 4945 patet.
1506 4875 1542 4927 Ut
1553 4891 1636 4925 unum
1647 4872 1769 4939 aller-am,

152 4956 181 5008 in
194 4954 309 5023 singulos
326 4952 383 5005 dies
396 4952 588 5007 dinumeranda
602 4958 673 5021 sint;
686 4956 783 5009 deinde
797 4968 886 5010 autem
899 4960 937 5012 κέ·
982 4954 1118 5027 quomodo
1140 4972 1154 5007 a
1175 4956 1359 5025 promontorio
1373 4952 1462 5006 Viridi
1482 4951 1516 5005 ad
1536 4970 1624 5023 prom.
1646 4954 1769 5007 Rubrum

153 5053 195 5105 ρας
205 5033 313 5086 nomine
324 5044 384 5104 apte
397 5031 526 5101 designari
539 5033 649 5103 figuram
667 5037 739 5088 sinus
751 5038 872 5089 tortuosi.
885 5040 938 5089 Iiu-
982 5046 1082 5107 septem
1095 5033 1199 5088 dierum
1221 5034 1336 5087 iteresse
1349 5034 1451 5104 potuit,
1465 5049 1548 5103 quum
1563 5030 1728 5085 intervallum
1740 5034 1770 5086 il·

153 5113 206 5165 lum
217 5123 295 5184 atque
306 5112 419 5182 reliquas
431 5110 510 5181 hujus
520 5113 677 5185 aruliipeiagi
691 5115 788 5168 insulas
798 5116 938 5169 arboribus
982 5115 1028 5168 lud
1046 5115 1151 5168 nonnisi
1176 5116 1244 5167 1800
1263 5112 1409 5166 stadiorum
1424 5111 1476 5164 sit?
1490 5112 1606 5179 Quinam
1620 5111 1670 5163 erit
1691 5129 1769 5164 mons

153 5194 246 5258 virere,
261 5202 378 5247 ceterum
392 5192 504 5245 humiles
517 5212 583 5258 esse,
598 5196 696 5266 quippe
708 5213 767 5265 quae
781 5212 937 5265 magnorum
983 5193 1051 5247 θεῶν
1065 5193 1169 5264 ὄχημα.θ
1183 5193 1299 5263 Quinlur
1314 5200 1417 5244 montes
1434 5190 1468 5243 ilii
1483 5190 1588 5255 silvosi,
1603 5189 1649 5261 qui
1668 5200 1769 5261 septem
