3775 5750
626 366 866 429 STthhSllUS
887 364 1011 428 ululs
1034 368 1173 429 utoni.
1409 440 1414 449 ,
1642 388 1696 441 tat

129 517 155 556 ο.
178 496 242 559 Ἀπὸ
256 500 300 555 τοῦ
313 494 393 572 Χιμὼ
407 494 451 554 ἐπὶ
465 494 508 555 τὸν
522 497 641 557 Γλαῦκον
654 497 754 557 στάδιοι
768 498 805 560 π’.
883 478 887 485 ¹
954 511 980 560 6.
1001 507 1132 561 ACbimo
1143 507 1177 561 ad
1188 507 1317 562 Glaucum
1331 509 1413 564 stadia
1426 514 1468 567 80.

130 607 156 647 7.
180 582 244 646 Ἀπὸ
264 588 309 643 τοῦ
324 582 445 644 Γλαάιιου
459 586 495 650 εἰς
513 581 699 663 Ἀντίρρος-
713 584 791 652 σάλος
804 586 874 645 ἐστὶν
954 610 980 660 7.
1003 595 1024 645 Α
1042 592 1141 646 Glauco
1153 592 1187 646 ad
1202 594 1478 665 Antiphras-salum
1501 616 1564 653 ocus
1577 599 1703 654 babet-

83 677 100 731 ὁ
113 672 195 738 τόπος
207 704 247 717 -
259 671 358 729 στάδιοι
371 669 411 731 π’.
918 674 1002 729 stadia
1020 679 1064 731 80.

129 780 155 818 a.
180 758 243 817 Ἀπὸ
257 761 309 816 τῶν
324 756 464 837 Ἀντιρρῶν
477 754 521 815 tet
535 754 582 827 τὴν
596 756 697 837 Δὲρραν
710 794 748 803 -
761 756 874 839 δρορμάς
955 763 980 814 8.
1002 762 1044 816 Ab
1056 763 1238 834 Antiphrisad
1257 767 1368 817 Derram
1383 766 1439 832 (nl.
1454 769 1703 837 Derrin)-statio

50 873 66 911 5
85 848 146 903 ἔστι
158 844 269 925 θερινὸς,
280 845 324 903 xal
340 843 409 923 ὕδωρ
422 842 529 923 ἔχει-
541 844 640 903 στάδιοι
654 846 687 913 ζ’.
919 848 1009 902 subest
1019 852 1121 913 aestiva,
1135 860 1160 903 et
1172 869 1267 922 aquam
1278 852 1351 905 locus
1366 853 1443 906 habet
1454 884 1490 894 -
1501 855 1583 909 stadia
1595 874 1630 926 90
1642 858 1702 929 (if).

85 1062 310 1122 Mediterraneum
320 1056 461 1131 pnblislrcd
470 1068 500 1109 a!
510 1058 552 1109 tie
563 1056 792 1129 Hydmgrupliicnl
804 1059 877 1129 office
920 1058 967 1113 εἶτ’
985 1060 1001 1126 ἥ
1022 1063 1102 1131 Δέρρις
1119 1060 1206 1132 λιμὴν,
1224 1064 1374 1133 καλούμενος
1391 1064 1467 1126 οὕτως
1482 1065 1522 1117 διὰ
1533 1065 1578 1130 τὴν
1598 1068 1703 1134 figulo,

85 1143 125 1209 os
135 1142 178 1192 ilic
196 1139 357 1207 Admiralty.
377 1136 463 1191 Loud.
480 1138 557 1205 1839.
574 1140 661 1207 Rupes
678 1137 732 1189 illas
749 1157 876 1208 aquarum
919 1140 1008 1209 πέτραν
1019 1140 1135 1209 μέλαιναν
1148 1143 1224 1210 δέρρει
1237 1142 1357 1195 ἐοικυῖαν·
1374 1142 1559 1212 ὀνομάζουσιᾶ
1578 1147 1619 1198 καὶ
1630 1148 1703 1219 Ζερύ.

86 1220 258 1291 superficiem
268 1219 423 1286 attingentes
434 1226 525 1269 auctor
543 1226 632 1269 noster
643 1228 717 1269 vocat
729 1218 809 1287 βράχη
827 1217 877 1271 ἐπι·
920 1236 972 1286 ριον
990 1217 1032 1269 τὸν
1045 1217 1149 1285 πλησίον
1166 1221 1255 1272 τόπον·
1270 1219 1309 1273 εἶτ
1326 1220 1402 1281 ἀλλος
1420 1220 1496 1291 λιμὴν
1516 1223 1647 1287 Λεύκασπις
1664 1230 1705 1281 καὶ

82 1301 238 1370 φαινόμενα,
252 1298 342 1365 sicut§
355 1297 387 1365 37
399 1295 478 1348 habes
492 1296 571 1365 βράχη
586 1294 666 1365 ὑψηλά
680 1298 731 1363 ets
751 1296 783 1364 57
795 1296 875 1365 βράχη
920 1296 995 1347 ἄλλοι
1007 1296 1114 1358 πλείους.
1130 1300 1190 1351 Huc
1205 1298 1328 1351 accedere
1337 1298 1420 1351 rideri
1437 1302 1518 1370 possit
1531 1303 1704 1359 seriesnomi-

88 1381 211 1450 μετέωρα.
228 1380 350 1429 Ceterum
363 1374 487 1445 usquead
499 1374 595 1428 Chimo
610 1374 695 1426 vicum
707 1374 777 1445 apud
789 1375 874 1429 Ptole·
919 1392 984 1427 num
993 1376 1065 1447 apud
1078 1378 1224 1430 Hieroclem
1238 1396 1266 1448 p.
1282 1380 1332 1448 733
1348 1379 1479 1441 suessia,
1497 1377 1628 1450 Ἆντιρρὼ(
1638 1385 1703 1453 sic),

87 1476 188 1511 meeum
200 1458 312 1528 pertinet
328 1454 343 1521 h
357 1458 400 1507 τοῦ
414 1454 547 1524 Μαρεώτου
559 1457 637 1524 νομοῦ
649 1454 775 1523 παράλιος.
919 1454 1018 1524 hipra,
1038 1465 1064 1507 at
1082 1457 1177 1507 Darnis
1190 1474 1244 1509 non
1263 1466 1301 1508 est
1321 1467 1441 1509 nostium
1455 1459 1553 1521 Derris,
1575 1459 1621 1511 sed
1639 1461 1702 1514 hod.

125 1541 141 1605 S
162 1543 187 1592 6.
203 1535 347 1587 Γλαῦκον
358 1532 531 1603 JPtolcmaeus
542 1541 670 1584 memorat
680 1530 791 1583 Γλαῦκον
801 1531 874 1601 άκρον
920 1534 1039 1596 Dernnli,
1052 1552 1083 1587 ac
1091 1536 1201 1586 omnino
1214 1536 1347 1587 Hierocles
1358 1536 1386 1587 in
1398 1536 1563 1589 recensendis
1573 1538 1636 1590 loeis
1651 1559 1704 1593 non

87 1613 186 1685 (quod
208 1624 298 1665 contra
321 1622 384 1663 vctt.
402 1620 562 1680 praeceptum
585 1611 612 1661 in
633 1609 743 1661 Γλαυκὸν
766 1612 876 1663 mutavit
919 1611 985 1664 solet
998 1612 1118 1665 ordinem
1135 1630 1226 1665 eorum
1241 1613 1442 1683 geographieum
1454 1618 1600 1668 accuratius
1612 1618 1702 1670 ohser-

85 1697 130 1748 W
133 1695 224 1761 ilherg.
242 1694 278 1744 V.
302 1689 421 1743 Eustath.
442 1706 470 1759 p.
483 1692 545 1755 906,
557 1690 609 1756 4ο)
625 1698 651 1740 et
666 1688 700 1740 ab
711 1706 875 1757 eopromon·
919 1707 990 1741 vare.
1010 1692 1131 1744 Straboni
1154 1702 1242 1744 autem
1262 1702 1289 1744 et
1312 1692 1452 1745 Ptolemaeo
1475 1695 1588 1747 innitens
1606 1697 1705 1752 Gailius

86 1776 160 1828 torio
169 1789 289 1824 occasum
304 1786 393 1821 versus
406 1769 433 1819 in
446 1767 642 1819 mediterraneis
655 1766 764 1819 Γλαῦκον
776 1766 874 1831 locum,
919 1770 1082 1839 perturbatas
1092 1788 1146 1821 essc
1152 1771 1246 1841 peripli
1255 1772 1369 1823 rationes
1379 1782 1405 1823 et
1413 1770 1485 1823 hune
1497 1771 1583 1824 lerein
1595 1773 1704 1825 modum

87 1857 133 1907 cui
148 1856 175 1907 in
189 1870 235 1905 ora
246 1848 387 1921 respondet
396 1848 423 1899 in
431 1844 524 1899 eodem
534 1844 704 1913 longitudinis
717 1845 800 1915 gradu
812 1848 875 1898 situs
918 1847 1083 1900 adornandae
1095 1850 1213 1901 censuit:

88 1934 224 1993 Λεώκασπις
238 1930 312 1999 λιμήν
329 1927 362 1999 (ι
376 1926 477 1997 Depnis
491 1925 607 1977 Abousir
620 1922 726 1995 jusqn'ii
740 1925 764 1978 la
778 1924 876 1993 grande
920 1930 943 1979 Α
957 1925 1059 1979 Glauco
1071 1926 1081 1997 (
1091 1926 1153 1979 fort.
1164 1925 1299 1995 mmm)
1312 1926 1346 1979 ad
1361 1929 1514 1998 [cumspim
1528 1930 1538 1996 (
1546 1928 1565 1981 i.
1578 1930 1701 2001 Dmsielr)

89 2012 205 2065 ‚sl-atah
215 2011 238 2063 le
245 2012 331 2076 rivago
340 2017 365 2059 et
372 2006 395 2058 le
406 2004 465 2075 plus
474 2012 586 2056 souvent
594 2002 677 2054 forme
686 2020 733 2073 par
742 2001 876 2072 unedigue

88 2091 125 2142 de
136 2090 219 2143 sahles
227 2085 390 2141 blancluimr
402 2110 413 2129 ·
423 2083 544 2153 Pachop.
558 2100 589 2150 19
598 2080 658 2153 ).1n
666 2082 766 2153 periplo
775 2093 875 2146 nostro,

88 2186 176 2239 quum
193 2168 300 2226 Γλαῦκος
318 2165 390 2218 locus
405 2162 552 2215 accuratius
571 2178 625 2213 non
641 2159 791 2225 definiatur,
810 2179 876 2213 non-

89 2248 163 2301 nulla
174 2247 290 2300 omisisse
299 2243 384 2296 scriba
399 2240 545 2295 censendus
555 2250 603 2302 est,
616 2240 692 2291 sicuti
705 2241 797 2293 ceteris
810 2258 877 2310 quo-

90 2346 145 2397 que
163 2327 236 2389 locis,
254 2323 301 2376 ubi
319 2321 391 2375 nuda
408 2321 517 2373 nomina
530 2319 680 2389 apposuisse
696 2319 757 2370 satis
774 2318 874 2371 habuit.

90 2406 230 2460 Probabile
241 2421 302 2455 vero
315 2411 354 2453 est
363 2400 397 2453 sd
412 2399 491 2451 verba
502 2397 540 2451 tet
554 2398 597 2449 r'ov
610 2397 719 2449 Γλαῦκον
734 2396 877 2451 subintelli-
921 2400 1026 2468 Quibus
1043 2400 1165 2454 ludibriis
1185 2401 1321 2453 immorari
1333 2398 1405 2452 baud
1423 2410 1506 2452 vacat.
1522 2400 1624 2468 Quodsi
1647 2420 1706 2473 per.

91 2485 208 2554 gendum
217 2500 272 2535 esse
282 2481 383 2551 λιμένα,
399 2478 465 2531 adeo
477 2488 507 2529 ut
523 2487 640 2548 portum,
653 2493 732 2545 quem
743 2475 877 2529 Λεύκασπιν
922 2480 1060 2532 iunctoriae
1071 2480 1177 2544 rationi,
1194 2497 1247 2549 qua
1265 2497 1312 2531 ora
1327 2478 1424 2549 Libyca
1438 2478 1508 2549 apud
1517 2480 1671 2549 Strabonem
1680 2491 1707 2535 ct

91 2564 246 2617 Ptolemaeus
261 2576 323 2613 cum
341 2555 469 2609 Strabone
489 2553 563 2617 didit,
582 2554 677 2606 Noster
694 2556 877 2621 cognominem
922 2558 1089 2611 Ptolemaeum
1104 2576 1136 2610 cx
1152 2556 1260 2621 eodem,
1279 2567 1309 2609 ut
1326 2555 1440 2619 videtur,
1455 2556 1527 2609 fonte
1537 2557 1705 2625 describitur,

92 2643 182 2695 lecerit
192 2643 249 2693 vico
258 2638 298 2691 vel
305 2634 403 2708 oppido
414 2633 614 2687 mediterraneo.
625 2634 775 2702 Utrumque
782 2650 878 2685 nomen
922 2635 1049 2705 majorem
1054 2654 1132 2706 quam
1142 2635 1287 2689 stadiaemo
1296 2646 1388 2689 nostro
1396 2635 1476 2688 fldem
1486 2636 1600 2690 tribuere
1609 2648 1707 2693 temere

92 2722 127 2774 de
133 2720 225 2773 οοάειιι
236 2719 293 2771 loco
300 2716 420 2785 usurpari
429 2722 539 2783 poterat,
548 2728 631 2780 quum
640 2710 747 2780 γλαυκὸς
753 2710 879 2779 significet
922 2714 995 2778 velis,
1003 2714 1124 2766 statueris
1130 2722 1174 2765 aut
1182 2712 1275 2765 alteras
1286 2713 1429 2783 Antiphras
1437 2712 1516 2766 inisse
1525 2716 1593 2767 inter
1602 2718 1708 2769 Derrim

91 2799 224 2859 ὓπόλευαος
240 2797 276 2868 (ν.
290 2797 378 2865 Etym.
388 2796 427 2845 M.
438 2810 465 2862 p.
477 2792 540 2854 233,
552 2807 595 2854 uo,
607 2790 666 2842 coll.
679 2791 799 2842 Eustnth.
811 2790 876 2842 loll.
922 2802 949 2844 et
966 2793 1117 2859 Glaucum(
1128 2792 1203 2844 sicuti
1217 2790 1267 2844 alia
1276 2791 1394 2843 locorum
1410 2793 1518 2844 nomina
1531 2794 1624 2864 saepius
1635 2812 1708 2865 repe·

92 2897 121 2950 p.
143 2883 201 2942 116,
216 2893 244 2929 11
257 2879 277 2945 ).
288 2871 369 2942 Quod
381 2869 535 2925 Ptolemaeus
546 2868 683 2938 distinguit
695 2870 761 2921 inter
772 2880 878 2940 portum
923 2882 1017 2925 tantur·
1035 2872 1063 2924 in
1090 2889 1138 2924 ora
1163 2869 1259 2940 Libyca
1275 2872 1302 2938 ),
1323 2882 1369 2923 aut
1386 2868 1420 2923 de
1439 2872 1546 2924 nomine
1572 2873 1639 2937 rici,
1662 2876 1708 2944 qui

95 2955 254 3027 Leucaspida
264 2965 290 3007 ct
300 2953 430 3006 Glaucum
447 2951 534 3017 vicum
548 2949 784 3012 mediterraneum,
798 2947 825 3000 id
837 2967 880 3002 ne·
923 2952 1056 3019 octoginta
1078 2967 1093 3002 a
1114 2949 1215 3002 Glauco
1226 2948 1310 3001 stadia
1326 2947 1426 3002 distans
1440 2951 1547 3022 navium
1569 2954 1708 3005 stationem

93 3039 149 3090 scio
158 3053 190 3089 ao
203 3049 339 3106 perperam
351 3031 405 3083 fiat.
418 3029 523 3082 Etenim
538 3028 641 3098 Libycae
650 3046 702 3080 orae
715 3027 879 3098 regionisque
924 3030 1027 3094 habuit,
1038 3039 1173 3082 auctorem
1181 3028 1274 3098 peripli
1285 3046 1393 3081 errasse.
1407 3031 1505 3082 Seriem
1517 3047 1579 3082 vero
1590 3028 1708 3084 locorum

93 3120 118 3172 ei
137 3116 264 3187 proximae
281 3111 422 3181 descriptio
443 3107 609 3160 vehementer
622 3105 691 3176 apud
710 3105 877 3160 Ptolemaeum
925 3127 959 3161 nc
973 3119 1068 3161 mutes.
1082 3106 1124 3160 Cs.
1137 3116 1194 3159 not.
1206 3105 1238 3157 ad
1249 3109 1297 3173 38.
1311 3109 1434 3159 Ceterum
1446 3108 1596 3179 Antiphrdn
1610 3112 1709 3163 mentio

94 3193 202 3246 laborat.
215 3195 306 3262 Neque
315 3187 431 3260 expediri
444 3197 554 3258 possunt
562 3183 758 3255 impedimenta,
770 3184 819 3235 nisi
829 3194 879 3237 sta·
923 3189 1039 3240 occurrit
1052 3188 1130 3238 etiarn
1142 3186 1170 3236 in
1185 3184 1316 3254 Synodion
1330 3183 1472 3251 Gennadii,
1488 3188 1516 3238 in
1527 3204 1580 3257 qua
1593 3187 1708 3241 subscri·

94 3285 151 3326 tuas
162 3271 311 3326 adhibuisse
322 3279 457 3321 auctorem
465 3267 561 3337 partim
573 3263 686 3334 periples
695 3265 791 3333 partim
803 3263 879 3316 itine-
923 3264 963 3317 bit
976 3264 1088 3335 Apollon
1102 3261 1230 3332 llvrlppus
1243 3264 1254 3329 (
1261 3263 1326 3331 sio).

95 3354 176 3415 naria,
187 3352 235 3404 hos
246 3360 333 3402 autern
346 3347 441 3409 sontes,
454 3361 537 3415 quum
551 3340 642 3394 eadem
659 3358 727 3411 saepe
740 3339 796 3392 loca
807 3359 879 3392 com-
959 3345 974 3410 §
987 3346 1013 3395 8.
1029 3340 1082 3406 τὴν
1097 3342 1218 3410 Δέρραν
1231 3343 1241 3410 l
1252 3340 1281 3392 τὸ
1290 3341 1380 3410 Δέρραν
1392 3339 1491 3405 codex;
1504 3340 1533 3393 τὸ
1543 3341 1632 3412 hippoe
1643 3344 1709 3397 mele

96 3439 280 3493 memorarent,
295 3445 379 3498 oeque
390 3425 424 3477 de
438 3422 590 3477 nominibus
603 3438 688 3492 neque
700 3419 733 3472 de
751 3418 880 3474 distantiis
923 3419 1007 3472 edidit
1030 3421 1132 3472 lriarte.
1153 3418 1276 3472 Straboni
1297 3430 1336 3472 est
1351 3419 1432 3489 Δέρρις
1444 3418 1535 3488 λιμήνς
1555 3421 1709 3475 Ptolemaeus

95 3510 193 3580 ubique
208 3517 381 3562 consentanea
394 3502 559 3575 prodidisse,
572 3498 686 3569 indeque
700 3497 798 3550 lactum
810 3516 878 3563 csse,
924 3508 1053 3550 memorat
1063 3498 1145 3567 Δέρριν
1161 3497 1247 3566 ἄκραν.
1262 3499 1347 3549 Vetus
1357 3515 1454 3554 nomen
1472 3499 1590 3565 agnoscis
1602 3499 1629 3551 in
1642 3500 1705 3553 hod,

97 3599 125 3640 ut
144 3588 231 3641 tabula
251 3586 418 3653 effingeretur
435 3597 531 3652 parurn
544 3578 688 3638 concinna,
709 3577 737 3628 in
756 3592 808 3644 qua
822 3593 880 3645 quas
924 3575 1042 3628 Dresiel.
1054 3577 1183 3628 Distentis
1199 3574 1344 3628 stadionrm
1357 3574 1382 3643 ζ’
1395 3574 1403 3645 (
1415 3577 1452 3627 sic
1461 3577 1531 3627 enim
1547 3575 1596 3644 leg.
1607 3594 1656 3647 pro
1664 3579 1707 3648 ζ’)
1751 3576 1754 3582 '

95 3667 255 3735 conjunctim
264 3660 477 3735 poni-'debebant,
487 3657 527 3709 vel
536 3655 688 3708 nominibus
699 3653 738 3706 vel
750 3652 878 3706 distantiis
923 3655 1004 3707 nimia
1017 3665 1069 3719 est,
1089 3655 1111 3705 si
1129 3653 1206 3723 juxta
1228 3670 1302 3706 oram
1315 3655 1446 3717 metiaris;
1466 3662 1493 3706 at
1513 3671 1595 3723 quum
1615 3655 1649 3708 ab
1662 3677 1708 3710 oc·

95 3763 231 3816 perperam
244 3752 434 3814 separarentur.
443 3767 480 3778 -·
490 3737 613 3789 Ceterum
626 3732 719 3786 Strabo
730 3733 799 3785 inter
810 3734 878 3784 Lcu-
923 3752 985 3786 casu
996 3733 1131 3786 hodiernae
1142 3731 1249 3784 Dresieh
1256 3731 1331 3801 juxta
1338 3730 1579 3802 litusprotendatur
1588 3733 1708 3790 brevium

96 3826 226 3897 cuspidem
245 3807 280 3876 'et¹
293 3824 451 3876 Cinosserna
470 3817 535 3870 alios
553 3814 701 3884 complures
714 3830 768 3864 esse
788 3823 879 3882 portus
923 3822 1036 3877 tractus,
1052 3812 1125 3864 bunc
1146 3811 1168 3863 si
1188 3811 1402 3880 circumnaviges,
1423 3821 1493 3863 recte
1510 3811 1640 3864 obtinebis
1660 3814 1709 3865 iter

96 3905 188 3967 refert,
203 3902 275 3974 quod
287 3879 382 3954 in'tam
394 3899 467 3950 brevi
479 3893 563 3967 spatio
581 3891 785 3946 addubitaveris.
801 3894 880 3943 Octo·
924 3892 1069 3944 stadiorum
1085 3909 1127 3960 9⁰·
1149 3894 1237 3958 Quam
1253 3891 1346 3943 Strabo
1359 3907 1442 3960 prope
1460 3891 1565 3942 Derrirn
1579 3902 1652 3943 notat
1664 3910 1709 3962 pe-

97 3986 167 4051 ginta
177 3983 264 4036 Nostri
274 3973 357 4033 stadia
365 3978 465 4030 ducunt
476 3974 510 4028 ad
524 3973 597 4028 Eruli
610 3970 710 4032 Kulliu,
721 3969 767 4022 ubi
779 3979 881 4021 exstant
924 3979 992 4023 tram
1002 3973 1120 4040 nigram,
1131 3968 1202 4023 baud
1215 3968 1297 4021 dubie
1309 3985 1379 4020 unus
1390 3976 1428 4020 ert
1439 3985 1454 4018 e
1467 3965 1571 4020 duobus
1585 3970 1707 4040 scopulis,

990 2046 1083 2099 stadia.
1568 2052 1618 2101 160

920 2125 1029 2179 Indead
1040 2126 1199 2196 Zephyrium
1212 2127 1223 2194 (
1234 2125 1296 2179 sort.
1307 2125 1510 2195 Djemmeimat)
1568 2128 1618 2181 130

920 2203 1030 2256 Indead
1041 2206 1132 2256 Derim
1148 2221 1235 2274 proni.
1250 2202 1385 2275 (allicis)

920 2280 1027 2335 Indead
1039 2282 1181 2353 Antiphras

97 4062 278 4115 ruinae.Num
301 4056 468 4112 adeundam
491 4055 578 4128 locum
602 4051 731 4121 pertineat
752 4047 877 4108 Luinni'd,
924 4067 991 4119 quos
1006 4051 1184 4121 Pachoprope
1195 4047 1306 4101 uastat
1315 4046 1430 4099 exbibet.
1442 4046 1522 4113 Quod
1536 4047 1709 4101 additStrabo
1805 4097 1811 4110 ,

101 4167 111 4186 ι
132 4141 240 4192 chateau
261 4139 387 4201 sarrasin,
401 4136 468 4187 sitne
482 4151 533 4186 aux
547 4129 614 4183 bord
633 4128 666 4180 de
683 4127 708 4180 la
724 4124 820 4191 mer,ii
841 4128 879 4178 six
924 4139 1027 4199 petram
1043 4130 1119 4183 istam
1139 4129 1217 4197 δέρρει
1233 4143 1280 4179 seu
1291 4125 1351 4196 pelli
1369 4124 1479 4176 similem
1491 4123 1586 4186 fuisse,
1602 4123 1709 4178 sommae

98 4220 190 4271 heures
205 4218 239 4270 de
252 4217 368 4271 distanoe
383 4209 549 4266 deBourden
564 4207 671 4278 (Pacho
683 4206 700 4259 l.
716 4206 734 4259 l.
748 4224 774 4276 p.
791 4223 820 4258 ιι
833 4209 877 4274 7,»
924 4209 993 4260 inter
1003 4208 1075 4261 lusus
1083 4204 1273 4260 recensendum
1283 4215 1332 4269 est,
1350 4203 1447 4272 quibus
1455 4203 1590 4272 peregrina
1602 4205 1709 4258 nomina

97 4299 193 4350 nescio.
924 4288 1009 4341 Graeci
1022 4287 1151 4357 explicare
1159 4284 1326 4337 adamabant.
1336 4284 1460 4335 Ceterum
1472 4291 1518 4334 aut
1532 4299 1565 4333 ex
1574 4281 1624 4334 hac
1634 4294 1708 4353 petra

133 4383 184 4447 §⁷-
201 4377 260 4430 ’Ᾰντ
270 4378 299 4448 lp
307 4396 320 4448 ρ
329 4395 345 4428 οι
353 4377 381 4446 ς]
398 4378 413 4442 §
426 4377 442 4428 8
457 4372 540 4425 codex
551 4369 651 4441 prabet
664 4365 766 4421 ἀπὸτοῦ
781 4362 880 4436 Ἇντιρρ’
924 4365 1080 4419 Ptolemaeus
1091 4364 1181 4416 iecisse
1192 4363 1296 4414 videtur
1304 4362 1386 4431 Δέρριν
1395 4360 1481 4429 ἄκραν,
1497 4369 1543 4412 aut
1554 4360 1642 4430 potius
1650 4378 1709 4430 pro-

99 4459 167 4530 (sic).
185 4456 272 4510 Stadia
284 4459 318 4511 80
329 4455 362 4508 ad
371 4472 431 4506 euni
444 4451 546 4504 ducunt
559 4467 612 4502 ora.
622 4449 718 4511 locum,
730 4447 775 4498 uhi
789 4447 815 4498 in
828 4463 885 4497 met
927 4447 1088 4497 montorium
1100 4441 1247 4495 lurneimnlr
1259 4441 1299 4493 vel
1310 4457 1397 4510 prom.
1409 4439 1567 4503 Hammcite,
1587 4439 1659 4509 quod
1670 4453 1709 4493 est

99 4538 250 4590 diterraneis
263 4537 342 4588 situm
362 4544 401 4586 mt
420 4531 622 4586 AbdnAlimcm.
640 4527 794 4581 Ptolemaeus
807 4525 881 4577 Anti·
925 4525 1001 4576 initio
1013 4524 1086 4574 sinus
1094 4521 1160 4591 ejus,
1173 4523 1200 4573 in
1214 4538 1269 4591 quo
1286 4521 1377 4572 Derris
1389 4519 1460 4572 locus
1477 4519 1541 4570 situs
1550 4529 1615 4582 erat,
1630 4521 1708 4574 etiam

99 4617 175 4687 phi-as
186 4615 260 4685 ponit
268 4623 328 4685 post
339 4613 421 4683 Δέρριν
434 4611 510 4680 ἄκραν
526 4625 647 4663 occasum
666 4623 764 4674 versus.
780 4603 880 4655 Eodem
925 4604 1012 4673 ipsum
1026 4603 1118 4658 Derris
1134 4618 1148 4653 a
1160 4599 1292 4652 nonnullis
1305 4598 1463 4661 comisatum
1476 4607 1555 4666 atquc
1566 4596 1622 4650 baec
1633 4616 1710 4650 causa

99 4695 159 4746 iacit
168 4693 261 4746 Strabo
273 4710 300 4763 p.
322 4711 388 4761 799,
403 4691 448 4761 qui
463 4688 497 4741 ab
510 4704 604 4740 occasu
617 4696 705 4738 ortum
720 4700 810 4734 versus
821 4700 882 4753 pro·
926 4681 984 4744 suit,
995 4698 1043 4733 cur
1055 4682 1140 4751 ipsum
1147 4680 1226 4731 etiam
1233 4679 1337 4730 Derrirn
1347 4677 1454 4746 ὖρορμον
1466 4673 1640 4726 stadiasmiad
1649 4692 1710 4744 pro·

99 4772 216 4842 grediens
227 4774 263 4825 ita
271 4771 350 4824 habet
363 4787 370 4822 :
382 4767 449 4822 Εἶτα
458 4772 531 4833 νῆσος
539 4765 644 4817 nisolta
655 4763 663 4833 (
674 4762 690 4813 l.
702 4759 833 4830 Πηδωνία)
844 4759 882 4810 λι·
925 4761 1088 4812 montorium
1097 4756 1204 4828 aliquod
1214 4756 1333 4809 nonnulli
1350 4753 1483 4808 transferri
1491 4752 1595 4805 vellent.
1605 4753 1647 4804 Sic
1662 4753 1709 4804 Pa·
1722 4815 1728 4823 1
1807 4751 1811 4758 “

101 4851 159 4920 μένα
171 4849 281 4919 ἔχουσα·
298 4847 336 4902 εἶτ
356 4847 476 4917 Ἀντίρραι
490 4844 618 4917 (Ἇντὶρρα
631 4839 715 4895 Strab.
731 4857 773 4909 ap.
790 4838 878 4908 Steph.
925 4839 977 4891 cho
983 4857 1009 4909 p.
1020 4841 1068 4901 14:
1082 4841 1207 4890 «tanoni
1217 4835 1250 4887 de
1257 4834 1373 4899 Dresieli,
1383 4831 1563 4902 inquitmffrc,
1572 4831 1590 4884 il
1596 4841 1634 4882 est
1643 4831 1707 4893 vrai,

100 4933 150 4998 B.)
173 4929 257 5000 μικρὸν
275 4927 392 4998 ἀπωτέρω
407 4930 451 4992 τῆς
469 4924 604 4989 θαλάττης·
622 4921 703 4973 ἅπασα
718 4917 760 4989 μὲν
776 4916 791 4982 ἡ
811 4919 882 4986 χώρα
925 4935 978 4969 une
986 4916 1085 4986 grande
1096 4916 1213 4983 analogio
1226 4933 1288 4966 avec
1299 4913 1364 4965 celui
1383 4912 1417 4964 dc
1431 4911 1530 4972 Derris,
1544 4920 1604 4979 port
1612 4919 1638 4959 ct
1646 4925 1708 4977 pro·

100 5007 157 5074 αὕτη
174 5007 218 5060 oiri
232 5007 332 5071 εὔοινος,
345 5006 423 5060 πλείω
432 5004 567 5074 δεχομένου
582 5004 625 5054 τοῦ
637 4999 743 5068 κεράμου
758 4996 881 5048 θάλατταν
926 4998 1056 5049 montoire
1064 4995 1214 5047 mentioonc
1220 5011 1266 5063 par
1272 4992 1521 5062 plusieuisauteuis.
1527 4989 1594 5039 Mais
1601 4985 1623 5039 la
1629 4988 1708 5039 situa-

100 5089 114 5152 ἢ
130 5086 208 5151 οἶνον,
225 5089 253 5139 ὃν
274 5086 304 5152 δὴ
323 5086 426 5139 καλοῦσι
442 5083 544 5137 liaustu
561 5081 569 5152 (
585 5081 658 5150 βδκον
676 5080 714 5130 St.
730 5080 772 5140 B.,
799 5077 881 5145 βύκιον
926 5075 1024 5128 tionde
1034 5074 1153 5135 Dresieli,
1166 5072 1292 5125 coloniae
1308 5068 1489 5138 danscegoll,
1506 5066 1661 5154 nesaurait,
1675 5085 1708 5118 en

100 5167 167 5236 conj.
181 5167 331 5236 Meinekc),
350 5163 414 5236 ᾧὸἠ
433 5163 520 5233 καὶτῷ
533 5161 598 5231 {tuq
610 5159 638 5212 τὸ
653 5156 804 5226 πολὸρῦλον
823 5159 882 5225 χρῆ·
925 5171 1027 5206 aucune
1046 5151 1174 5214 iiiani'erc,
1193 5151 1319 5203 convenii
1337 5147 1353 5200 ii
1373 5165 1408 5199 un
1428 5153 1621 5216 promontoire,
1640 5154 1666 5195 et
1680 5163 1709 5195 ce

100 5264 138 5298 ται
147 5250 193 5298 τῶν
210 5243 380 5307 ἰιλεξανδοὲων
391 5263 395 5274 ·
406 5245 558 5296 σκώπτονται
568 5240 593 5292 δὲ
604 5237 742 5310 {iilic-asi
753 5235 877 5306 Ἀντὶρραι·
899 5292 900 5300 ,
926 5251 988 5285 nom
1005 5233 1089 5302 paruit
1100 5234 1168 5294 iti-e,
1188 5247 1290 5282 comme
1302 5227 1429 5300 plusieurs
1442 5233 1542 5287 autres,
1560 5240 1612 5274 une
1626 5233 1707 5274 trans·
