3775 5750
73 350 180 427 (ιηικ)
635 346 823 407 nstitutus
853 350 967 409 Ponti
990 347 1136 407 nnxtnt.
1639 352 1711 403 aro'

77 475 484 556 ,ssoeerlrbct’atrnv’tutatsp
528 475 869 555 ΜαχελόνοινόίκαὶἹΙνιό·
913 504 974 539 rum
993 502 1039 537 rex
1054 496 1092 537 est
1107 484 1257 539 Anchialus.
1295 480 1493 535 hlaclrclonibus
1513 490 1539 533 et
1556 480 1697 533 Heniochis

73 590 137 644 χων
151 563 273 644 ἐχόμενοι
291 565 438 643 Ζυδρεῖται·
460 564 648 645 Φαρασμάνου
664 554 735 623 oleos
749 564 868 635 ὑπήκοοι·

77 652 231 729 Ζυδρωῶ,
252 650 280 708 δη
299 648 394 730 Λαζοί,
411 650 532 729 βασγλῶς
550 652 577 709 δὲ
591 654 685 719 Λαζῶν
707 652 869 724 Μαλάσσας,
915 606 992 658 vicini
1007 604 1130 675 Zydritae,
1142 604 1323 657 Pharasmane
1334 602 1454 673 subjecti.
1493 601 1605 673 Zydritis
1620 602 1717 653 vicini

76 738 173 809 ὃςπλν
190 735 421 817 βασιλείανπαρίτ
435 743 481 796 coi
500 738 565 817 ἔχει.
609 742 703 807 Λαζῶν
718 737 745 797 δὲ
765 738 869 819 ’Λψίλαι
915 730 1061 793 hffliffi
1075 731 1200 781 lfflfflffl
1215 727 1352 792 M³l³⁵⁵³⁵2
1367 729 1440 797 (Pila
1454 736 1603 795 “mgnum
1618 734 1698 779 leflel·

41 845 59 880 ⁵
78 826 199 906 fimi
225 823 347 902 parentii
368 822 395 883 li
417 826 502 883 αὐτῶ*
524 825 673 893 ’.Μίλωνός
688 816 760 893 ὦτος
775 829 804 885 3⁸
823 832 868 885 δοῦ
914 853 989 905 lauis
1002 850 1145 904 finitimih
1180 851 1219 903 ilar
1246 850 1342 921 quibus
1354 850 1474 904 Julianus
1485 853 1596 921 imperat
1611 867 1616 902 :
1630 850 1700 903 hica

78 912 238 991 πατρόςτυδ
253 916 301 970 σοῦ
314 911 591 992 τὴνβασιλιίανίχει.
633 912 751 993 Ἀψίλαις
765 912 868 991 &ltpa—
1148 869 1178 922 με
1225 891 1233 915 l
1264 972 1270 985 ,
1386 971 1392 983 ,
1491 972 1496 984 ,
1519 972 1525 983 ,
1674 974 1680 985 ,

80 1022 124 1076 ρο,
136 998 269 1060 mma,
291 999 337 1056 καὶ
348 998 485 1058 Ἄδωρα),
497 1000 620 1078 βασιλεὺς
641 999 807 1077 Ῥησμάγας,
822 1000 868 1058 up
913 985 987 1046 patre
1002 984 1049 1027 tno
1062 990 1172 1043 regnum
1184 982 1292 1042 accepit.
1330 970 1430 1043 Apulos
1442 982 1576 1042 excipiunt
1587 972 1697 1025 Abuscr:

79 1078 158 1153 οὗτος
175 1086 250 1163 παρὰ
270 1091 318 1145 σοῦ
338 1084 387 1157 τὴν
414 1086 549 1164 βασιλείαν
572 1087 639 1165 izei.
682 1085 819 1148 Ἀδασκῶν
841 1084 869 1144 il
914 1096 1077 1149 Aboseornm
1094 1112 1140 1147 rex
1159 1094 1330 1163 Ithesmagas3
1353 1094 1376 1147 is
1395 1110 1531 1165 quoquea
1545 1104 1569 1147 te
1589 1112 1698 1165 reguum

79 1175 207 1253 ἐχόμεναι
224 1173 355 1253 Σανίγαι,
376 1172 472 1253 ίναπερ
485 1174 564 1245 καὶὴ
587 1174 783 1243 Σιόαστόπολις
803 1174 869 1254 ᾤκι-

35 1280 66 1317 ro
81 1284 157 1319 σται·
178 1260 299 1339 Σανίγων
317 1260 440 1340 βασιλεὺς
459 1262 606 1340 Σπαδάγας
618 1264 648 1321 ἐκ
660 1268 708 1321 σοῦ
724 1263 772 1333 τὴν
791 1266 870 1340 βασι-

80 1349 158 1408 λείαν
174 1347 241 1428 ipsi.
915 1353 963 1403 sita
976 1352 1147 1420 :Sanigarum
1162 1368 1208 1403 rex
1221 1348 1350 1420 Spadagas
1364 1360 1415 1418 ate
1429 1368 1538 1419 regnum
1557 1350 1645 1403 habet.

914 1222 1039 1276 obtinuit.
1066 1222 1174 1276 hbascis
1183 1220 1340 1274 contermini
1349 1222 1458 1291 Sanigae,
1470 1220 1516 1273 ubi
1527 1221 1700 1293 Sebastopolis

82 1551 247 1603 chirensium
259 1550 333 1603 sedes
346 1550 465 1603 obtinere
475 1552 544 1603 inter
556 1552 720 1622 Ophiuntem
737 1562 764 1604 et
778 1552 877 1605 Archa·
917 1552 983 1617 eiiii
994 1571 1023 1622 γε
1037 1550 1066 1617 δὴ
1080 1554 1117 1603 ότι
1127 1552 1219 1621 Πέτραν
1233 1548 1354 1620 Ῥωμαῖοι
1368 1550 1470 1605 ἐνταῦθα
1480 1550 1606 1623 ίδείμαντο
1615 1554 1700 1623 πρότε-

82 1632 133 1683 bin
148 1630 286 1683 dicuntur.
301 1629 486 1683 Machelonum
504 1632 604 1683 mentio
623 1648 656 1683 an
668 1630 729 1683 alibi
741 1641 875 1695 occurrat,
919 1650 971 1700 ρον.
987 1631 1043 1684 Alia
1054 1630 1129 1701 plura
1138 1630 1171 1682 de
1181 1632 1255 1684 Inzis
1270 1649 1295 1684 ν.
1307 1632 1344 1691 ih.
1359 1648 1387 1703 p.
1401 1636 1462 1694 όόα.
1475 1632 1605 1701 Frequens
1618 1634 1701 1701 gentis

84 1711 188 1762 nescio.
212 1708 385 1762 Probabiliter
403 1709 456 1761 huc
471 1710 585 1779 pertinet
598 1709 731 1763 Colchidis
747 1710 811 1763 urbs
824 1709 876 1762 Με·
916 1728 960 1781 op.
977 1711 1133 1781 Byzantinos
1145 1712 1253 1763 mentio.
1265 1712 1300 1761 V.
1316 1728 1358 1762 ex.
1378 1728 1418 1779 gr.
1432 1708 1509 1762 index
1521 1710 1553 1763 ed
1570 1713 1613 1763 Pr.
1629 1714 1696 1765 Hist.

84 1788 196 1859 χλεασός
212 1805 255 1858 ap.
271 1786 351 1852 Prot,
365 1789 485 1859 quamvis
496 1806 550 1840 non
562 1787 589 1839 in
604 1805 634 1839 ea
645 1797 760 1858 ponatur
771 1788 877 1855 regione
918 1798 938 1841 t.
950 1790 998 1853 IV,
1014 1808 1035 1839 s.
1046 1807 1071 1841 ν.
1086 1790 1156 1841 lazi.
1171 1790 1181 1857 ΙΙ
1194 1818 1229 1828 -
1241 1791 1267 1851 4.
1285 1786 1346 1859 ‘apt
1353 1788 1422 1859 λαι]
1436 1788 1533 1841 Plinius
1544 1792 1593 1853 vt,
1609 1794 1635 1853 4,
1654 1796 1699 1853 ι4;

85 1869 116 1919 in
136 1885 188 1938 qua
201 1864 369 1919 Machelones
388 1868 517 1920 Arrianus
535 1866 654 1918 collocat.
674 1865 804 1936 Populum
815 1884 877 1918 vero
916 1886 978 1935 gens
995 1868 1105 1929 Absilcr,
1119 1868 1460 1941 crrstcllnmSebnsropolis..
1473 1868 1563 1940 Steph.
1576 1872 1605 1921 B.
1623 1887 1629 1921 z
1644 1868 1702 1942 npt-

86 1945 157 2001 Ptol.
168 1944 280 2017 appellat
291 1945 438 2007 Μαπιαίοσ,
451 1946 516 2013 V‚9
530 1962 558 2015 p.
570 1945 619 1997 351
635 1961 642 1995 ε
659 1945 798 2013 Κατέχουσι
811 1943 837 1997 δὲ
847 1943 878 1996 τὰ
914 1946 971 2011 λαι,
988 1946 1056 2008 ἔθνος
1074 1946 1191 1998 Σκυθικόν
1212 1947 1349 2017 γειτνιάζον
1371 1950 1475 2013 Λαζοῖς,
1491 1949 1524 2009 ὡς
1545 1946 1662 2019 Ἀρριανὸς
1677 1949 1701 2002 ἐν

90 2024 136 2093 μὲν
150 2022 190 2075 ἐπὶ
209 2023 321 2095 θαλάσσῃ
341 2022 438 2094 Ζόλαι(
451 2024 488 2075 sic
504 2022 585 2076 oodd.
598 2025 619 2091 )‚
633 2022 663 2075 τὰ
676 2023 702 2075 δὲ
717 2022 877 2094 ὑπερκείμενα
919 2025 1028 2096 περίπλῳ
1048 2029 1091 2078 τοῦ
1109 2024 1222 2085 Εὐξείνου
1234 2026 1332 2078 πόντου.
1355 2028 1499 2095 Procopius
1512 2025 1528 2078 l.
1545 2026 1562 2078 Ι.
1582 2045 1609 2097 p.
1630 2032 1700 2090 468:

87 2104 114 2154 Μ
122 2104 156 2154 ἄν
165 2102 256 2172 ραλοι
269 2106 280 2170 (
291 2102 430 2173 Μάρραλοι,
441 2102 570 2172 Μαῦραλοι
582 2120 608 2155 ν.
621 2102 638 2154 Ι.
653 2102 715 2173 )καὶ
726 2102 750 2154 ol
760 2102 821 2154 κατὰ
834 2101 877 2167 τὴν
918 2104 967 2155 Τοῦ
982 2104 1007 2156 δὲ
1020 2106 1160 2174 μονοειδοῦς
1174 2104 1236 2157 κατὰ
1252 2104 1294 2175 μὲν
1310 2101 1353 2169 τὴν
1370 2105 1427 2174 μίαν
1438 2102 1527 2173 ἀρχὴν,
1539 2104 1553 2171 ἢ
1570 2110 1612 2171 τῆς
1627 2105 1702 2168 liciae

91 2180 255 2253 Ἐκρηκτικήν
279 2184 289 2250 (
309 2180 478 2252 ‘Eae-perprimo
500 2200 552 2233 sec.
568 2180 636 2252 Scyl.
661 2182 814 2235 ethnon?
835 2182 876 2235 Cf.
919 2183 980 2249 ἐστί,
992 2182 1181 2254 Ιίὲτραῆπόλις
1196 2183 1329 2255 ἐτύγχανεν
1341 2177 1419 2248 oisc,
1438 2182 1463 2236 ir
1478 2184 1503 2235 δὲ
1516 2182 1545 2249 δὴ
1558 2188 1589 2256 τῇ
1610 2184 1704 2241 ductui·
1789 2202 1793 2213 ’

88 2264 189 2318 Plinius
200 2267 236 2328 V,
249 2266 264 2317 5
277 2280 283 2315 :
297 2263 364 2317 Dein
374 2264 470 2327 Rhoas,
483 2262 551 2330 regio
561 2263 692 2315 Ecrectice
699 2265 720 2331 ).
733 2262 807 2315 Idem
818 2282 879 2332 gen·
919 2283 961 2333 ρας
975 2262 1036 2335 ἀκτῇ
1046 2263 1106 2317 κατὰ
1115 2262 1158 2329 τὴν
1169 2267 1212 2329 τῆς
1222 2264 1338 2334 Εὐρώπης
1350 2266 1438 2335 μοῖραν
1454 2262 1511 2335 Ἀψι
1518 2264 1534 2314 λ
1542 2265 1596 2316 ίιον
1609 2264 1702 2336 ἡχῶρα

89 2343 125 2395 tis
139 2360 235 2395 nonien
246 2352 380 2413 corrupte,
391 2353 422 2394 ut
431 2340 545 2406 videtur,
556 2340 635 2393 habes
648 2360 690 2412 ap.
705 2342 818 2395 Plinium
828 2344 877 2406 Vl,
919 2342 971 2394 ἔστί
979 2363 982 2372 ·
1001 2344 1086 2403 Λαζῶν
1097 2340 1123 2395 δὲ
1135 2340 1252 2407 κατήκοοί
1265 2340 1309 2394 εἶσι
1319 2342 1360 2394 καί
1371 2341 1510 2412 Χριστιανοὶ
1524 2342 1550 2395 tr
1562 2343 1667 2397 παλαιοῦ
1679 2345 1703 2397 ol

89 2426 118 2485 4,
134 2425 149 2490 5
167 2438 219 2474 ναι
240 2425 274 2475 In
285 2440 332 2473 οινι
349 2420 496 2485 Heniochi,
515 2425 667 2492 Anrprcnroe
682 2421 690 2491 (
703 2420 844 2473 Manralae?
856 2424 877 2489 ),
922 2418 1032 2492 ’Λθίλιοι
1047 2422 1087 2474 Ci.
1114 2420 1205 2491 Ἆψιλία
1224 2423 1296 2491 regio
1309 2420 1380 2493 apud
1398 2419 1573 2475 Menandrum
1587 2424 1701 2477 Protect.

90 2500 457 2572 1mi,flumtnaAcampsis,
471 2498 535 2551 Isis.
547 2497 588 2551 hd
601 2498 706 2550 Arriani
718 2498 804 2551 locum
816 2517 879 2571 pro·
919 2500 953 2553 sr.
967 2518 1000 2553 aa
1020 2502 1047 2553 in
1062 2503 1106 2553 Fr.
1121 2502 1188 2553 llist.
1204 2502 1253 2565 IV,
1271 2520 1297 2572 p.
1313 2501 1373 2559 230.
1403 2502 1503 2569 ll-p,
1525 2498 1699 2573 ’ΛόασκοηΙ

90 2580 151 2648 pius
164 2577 265 2631 aceedit
276 2577 348 2648 quod
368 2576 439 2648 apud
453 2577 600 2630 Luciunum
618 2576 666 2645 (in
679 2577 777 2628 Toxar.
793 2595 818 2629 c.
833 2581 877 2639 44.
920 2580 1011 2651 Steph.
1024 2582 1086 2651 Byz.
1101 2598 1106 2633 τ
1119 2580 1253 2651 Σαννίγαι,
1270 2578 1338 2641 ἔθνος
1347 2579 1448 2641 Σκυθίας
1456 2581 1508 2640 τοῖς
1520 2576 1645 2649 ’Λδασγοῖς
1656 2601 1702 2633 πα·

91 2676 119 2728 p.
133 2660 184 2719 438
196 2657 287 2711 Didot.
301 2658 310 2729 )
325 2658 383 2727 lego
396 2674 403 2710 ι
416 2658 572 2727 Τιγραπάτης
584 2654 598 2707 ό
610 2658 695 2715 Λαζῶν
707 2656 825 2721 δυνάστης
839 2658 880 2707 καὶ
919 2659 1072 2729 ρακείμενον.
1087 2660 1149 2711 Haen
1158 2658 1250 2729 procul
1258 2657 1341 2711 dubio
1352 2677 1384 2711 ex
1399 2658 1521 2721 Arriano,
1532 2658 1578 2711 ubi
1592 2656 1703 2729 Ἀδασγοί

95 2736 245 2807 Ἀδόρμαγσς
264 2738 279 2788 ὁ
299 2736 490 2807 Μαχλυηνῆς
512 2733 607 2803 ἅρχων.
631 2731 779 2785 lleniochos
801 2734 879 2805 pleri·
920 2737 1102 2808 reponendum
1119 2737 1233 2802 diacris,
1254 2738 1303 2789 nisi
1317 2736 1395 2789 etiam
1411 2734 1478 2789 intra
1494 2736 1703 2799 Ἄόασκοςίίυ-

90 2834 145 2886 que
158 2816 239 2885 magis
259 2815 366 2867 boream
388 2831 478 2867 versus
498 2822 610 2884 ponunt.
633 2811 702 2864 Vide
718 2813 753 2865 de
767 2813 807 2865 his
821 2822 876 2865 not.
921 2816 979 2868 vius
993 2826 1152 2882 occurreret,
1170 2818 1215 2889 qui
1236 2833 1396 2887 quamquam
1414 2832 1468 2868 non
1483 2816 1510 2868 in
1524 2817 1655 2886 regionem
1670 2819 1704 2871 ab

92 2895 128 2948 ud
148 2894 247 2967 Scylae.
264 2898 279 2963 ς
297 2901 341 2964 76.
360 2897 371 2964 ll
383 2925 419 2934 -
437 2910 463 2946 a.
481 2893 606 2963 Ζυδρεῖται
625 2891 731 2945 aliunde
743 2911 797 2945 non
812 2893 878 2946 noti.
920 2896 1035 2948 Amiano
1056 2895 1162 2950 Abascis
1175 2895 1329 2965 assignatam
1344 2893 1424 2958 cudit,
1439 2896 1465 2946 in
1485 2905 1556 2948 tanta
1568 2897 1704 2950 tumendo

92 2975 187 3027 Strabo
203 2986 230 3028 et
250 2974 392 3045 Dionysius
409 2971 486 3044 juxta
499 2971 649 3024 Heoiochos
666 2982 770 3041 ponunt
786 2973 880 3042 Zygios
920 2975 961 3028 his
977 2975 1056 3028 rebus
1067 2975 1256 3027 sententiarum
1270 2975 1402 3038 varietate,
1419 2973 1460 3025 rix
1478 2984 1517 3026 est
1530 2991 1545 3026 a
1556 2975 1646 3045 populi
1661 2995 1704 3028 co·

94 3059 142 3120 (ν.
152 3053 242 3124 Scylax
256 3057 315 3122 §76
325 3063 381 3104 not.
393 3055 413 3120 ).
426 3055 461 3104 at
472 3052 500 3103 bi
515 3050 548 3103 nd
560 3069 609 3102 nos
618 3050 683 3103 nihil
695 3052 837 3120 pertinent.
846 3051 880 3102 Ni
919 3055 1051 3122 gnominis
1061 3055 1187 3106 memoria
1200 3051 1386 3123 sejungendus.
1400 3049 1500 3104 Eodem
1516 3050 1595 3103 modo
1607 3071 1703 3118 nomen

96 3132 455 3204 [allor‚ndZydritesnostros
462 3129 881 3204 pertinett'olchidisloeusZaiplc
920 3133 1045 3186 scribitur
1056 3134 1221 3204 ap.Procop.
1237 3131 1254 3184 l.
1272 3131 1288 3184 l.
1305 3133 1353 3195 IV,
1370 3133 1384 3183 3
1397 3148 1425 3200 p.
1439 3135 1488 3199 471
1503 3146 1509 3181 ε
1526 3130 1594 3182 Μετὰ
1605 3131 1630 3184 δὲ
1644 3129 1703 3202 ltpr-

94 3231 138 3282 ορ.
147 3212 258 3265 Ptolean.
267 3213 303 3276 V,
312 3231 339 3279 9.
352 3212 409 3279 44-
418 3211 445 3262 3.
456 3210 548 3280 Λαζοί]
561 3209 634 3270 Λάζοι
645 3208 710 3277 νρος
721 3209 797 3269 Λόζαι
809 3209 877 3262 Gaii.
920 3211 987 3274 λίους
1005 3231 1031 3266 τε
1051 3212 1092 3266 καί
1106 3215 1149 3264 τοῦ
1163 3212 1306 3282 μηνοειδοῦς
1319 3209 1363 3276 τὴν
1381 3208 1463 3280 ἑτέραν
1475 3207 1555 3280 ἀρχὴν
1573 3210 1595 3271 ἔς
1604 3207 1647 3276 τὴν
1658 3231 1704 3265 πα·

95 3293 200 3344 Primos
209 3292 292 3360 gentis
308 3289 430 3342 meminit
445 3288 545 3342 Plinius
555 3287 573 3341 Ι.
586 3288 604 3340 l.
616 3289 643 3339 in
657 3286 750 3340 iisdem
762 3286 878 3352 sedibus,
920 3292 1008 3362 ραλίαν
1024 3289 1136 3362 ’hino-fol
1149 3291 1258 3362 ᾤκηνται
1269 3290 1327 3361 ἄχρι
1338 3290 1360 3351 ἐς
1375 3289 1405 3341 τό
1416 3290 1539 3342 ίίαυκόσια
1550 3291 1593 3360 όρη
1606 3292 1704 3357 διήκον-

95 3387 161 3440 quas
175 3374 235 3424 hrr.
252 3370 374 3438 assignat.
391 3366 471 3438 Apud
485 3367 653 3421 erotemaeum
667 3367 685 3419 l.
697 3365 715 3418 l.
731 3367 805 3428 Λαζοί
817 3368 881 3419 scri-
920 3390 968 3433 τες.
980 3371 1011 3424 Οί
1022 3371 1048 3424 δὲ
1065 3369 1179 3440 ’Λόασγοί
1192 3373 1276 3431 Λαζῶν
1292 3369 1335 3440 μὲν
1345 3368 1462 3434 κατήκοοι
1475 3367 1502 3421 ia
1513 3368 1618 3422 παλαιοῦ
1630 3367 1702 3436 ἦσαν,

94 3459 172 3520 ptum
179 3459 220 3502 eat
229 3448 363 3519 eoonject.
375 3446 507 3515 Wilbergi
518 3485 525 3510 ‚
538 3456 687 3516 antequem
698 3445 773 3498 editt.
787 3447 878 3509 Λιῖζαις
920 3450 1038 3520 όρχοντες
1049 3449 1074 3502 ii
1087 3449 1215 3520 ὁμογενεῖς
1233 3449 1277 3500 iio
1291 3447 1313 3509 ἐς
1325 3447 1363 3500 ἀεὶ
1374 3445 1454 3518 εἶχον·
1473 3443 1509 3499 ὧν
1522 3447 1605 3516 ότερος
1624 3447 1667 3519 μὲν
1682 3447 1704 3510 ἐς

94 3527 200 3580 codices
208 3545 310 3592 omnes,
325 3525 475 3590 utvidetur‚
486 3524 574 3589 Ζόλαι,
588 3523 663 3594 cujus
675 3525 794 3578 mutandi
804 3543 880 3578 musa
920 3534 963 3596 τῆς
971 3532 1053 3600 χώρας
1069 3528 1099 3581 τὰ
1113 3529 1171 3600 πρὸς
1183 3527 1294 3598 ἕσπίραν,
1306 3527 1355 3580 dil
1369 3525 1399 3592 δὴ
1412 3527 1492 3596 ἔτερος
1503 3524 1527 3588 ἐς
1535 3525 1566 3579 τὰ
1578 3527 1635 3597 πρὸς
1652 3527 1703 3580 dvl-

95 3607 191 3661 idonea
212 3625 267 3660 non
285 3617 355 3671 erat,
378 3623 462 3678 quum
487 3605 563 3658 satas
582 3605 678 3658 halices
700 3623 743 3676 ap.
766 3606 880 3659 Plinium
921 3627 1016 3678 σγοντα
1029 3607 1100 3674 ἥλιον
1115 3607 1209 3678 ἵδρυτο.
1226 3607 1256 3660 θί
1271 3606 1297 3660 δὲ
1314 3602 1594 3678 βόρῦαροιοδτοιμίχρι
1607 3606 1649 3677 μὲν
1663 3609 1705 3660 καὶ

95 3689 145 3749 vt,
157 3690 183 3750 4,
194 3691 209 3755 §
222 3691 252 3749 14
267 3702 274 3738 :
287 3685 352 3738 Inde
365 3684 508 3753 adflrrmen
524 3683 632 3736 (herieri
643 3701 706 3750 gens
721 3683 796 3747 Solae,
810 3683 881 3737 anti·
922 3686 945 3750 ἔς
956 3687 998 3759 ίρλ
1006 3687 1070 3754 όίλση
1084 3686 1233 3748 tenallia<
1251 3685 1374 3750 loliano,
1392 3696 1454 3750 eto,
1465 3703 1523 3757 quae
1535 3685 1606 3756 apud
1619 3687 1703 3757 ipsum

93 3766 156 3836 quis
170 3764 362 3836 Pltlirophngi
373 3763 556 3816 dicticiniins
568 3763 659 3815 Sanni.
679 3765 805 3816 Deluzis
819 3781 881 3816 vero
921 3767 1080 3837 Procopium
1094 3764 1178 3834 legere
1198 3783 1285 3835 opcrae
1295 3765 1409 3835 pretium
1429 3774 1477 3818 est.
1497 3766 1599 3816 Nomen
1622 3767 1705 3832 gentis

95 3844 131 3896 cf.
156 3842 250 3896 Suidas
264 3861 288 3894 ν.
312 3843 460 3913 Δομετιανός
473 3859 480 3895 :
497 3840 637 3911 Ἀδριανός..
657 3841 698 3894 καί
718 3843 808 3904 Λαζοῖς
826 3841 881 3908 ἦτοι
921 3847 1015 3898 veteris
1027 3846 1053 3896 in
1063 3843 1198 3898 hodiernis
1207 3844 1308 3897 Abnsis
1315 3862 1448 3915 superesse
1459 3843 1571 3896 videtur.
1582 3846 1617 3897 V.
1628 3847 1705 3898 Ginn-

97 3925 205 3994 Ιίόλχοις
211 3924 312 3994 βασιλέα
319 3925 458 3990 ider-narr.
468 3923 765 3987 Lucien'l'oxanoii,
773 3926 881 3976 Memno
921 3923 956 3977 ba
972 3927 1000 3976 V
998 3942 1075 3994 αρνιμ
1086 3923 1154 3976 dans
1166 3923 1192 3975 In
1202 3923 1294 3980 Rnssie
1304 3922 1395 3976 nre'rid.
1408 3926 1430 3987 Ι,
1444 3941 1471 3994 p.
1483 3926 1526 3986 41.
1539 3924 1703 3978 constantin.

95 4024 122 4057 c.
139 4006 182 4068 54,
194 4003 306 4056 Diodor.
316 4005 391 4056 Tars.
407 4021 449 4074 np.
462 4003 540 4054 Phot.
553 4000 617 4053 bibl.
630 4020 658 4071 p.
672 4005 733 4063 218,
748 4005 774 4066 8,
790 4003 879 4074 Steph.
922 4003 1085 4074 Porphyrog.
1098 4004 1138 4055 Dc
1151 4001 1222 4055 adm.
1235 4004 1299 4074 imp.
1312 4021 1335 4054 c.
1353 4007 1386 4066 4ο
1398 4020 1426 4072 p.
1442 4005 1490 4055 18²
1507 4004 1593 4054 Bonn.
1611 4019 1617 4054 :
1633 4003 1666 4054 Tb
1679 4003 1704 4056 δὲ

96 4086 155 4135 lis.
169 4102 194 4136 ν.
205 4085 297 4136 Postea
306 4080 588 4151 Lazorumgenslatius
597 4081 881 4153 patuitrelcomplures
921 4083 1119 4152 παραθαλάσσιον
1141 4080 1189 4134 όπδ
1208 4085 1249 4146 τῆς
1271 4079 1467 4150 συμπληρώσειος
1483 4083 1526 4145 τῆς
1548 4080 1631 4148 Ζιχίας
1651 4079 1703 4146 ἤτοι

95 4173 229 4230 pcntcseo
249 4164 357 4215 nornine
370 4159 670 4232 comprehendebantur.
689 4163 832 4232 Procopius
848 4165 879 4214 B.
922 4161 1046 4233 Νικόψεως
1062 4163 1175 4232 ποταμοῦ
1190 4158 1280 4225 ἐστίνὴ
1299 4163 1341 4224 τῆς
1359 4157 1563 4228 ’Λόασγίαςχῶρα
1576 4160 1647 4228 μέχρι
1662 4165 1704 4212 τοῦ

94 4245 131 4293 G.
145 4244 193 4304 lV,
205 4259 222 4292 a
231 4259 258 4312 p.
271 4245 322 4310 467
333 4256 340 4293 ·.
355 4239 434 4292 Ἐκδὲ
450 4237 606 4310 ’Λψαροῦντος
615 4239 709 4300 πόλεως
719 4239 741 4301 ἔς
752 4240 845 4310 Πέτραν
855 4260 881 4293 τε
922 4243 1026 4310 κάστρου
1039 4239 1273 4310 Σωτηριουπόλεως·
1287 4237 1333 4290 εἰσί
1345 4237 1370 4290 δὲ
1385 4237 1456 4308 μίλια
1468 4236 1499 4290 τ’.
1516 4241 1606 4306 Quum
1616 4239 1703 4290 Zichia

95 4319 169 4373 πόλιν
185 4321 227 4372 καί
244 4321 300 4382 τοῦς
318 4322 409 4382 Λαζῶν,
425 4321 509 4389 όροος,
529 4315 558 4370 οὗ
576 4316 606 4383 δὴ
627 4319 729 4389 τελευτᾷ
746 4319 882 4382 όΕῦξεινος
922 4319 978 4371 haec
987 4317 1203 4388 Porphyrogeniti
1214 4315 1365 4370 abUlcruch
1380 4316 1471 4378 liuvio,
1481 4333 1496 4368 a
1506 4316 1623 4384 bosporo
1633 4317 1703 4368 Cim·

101 4401 201 4463 πόντος,
220 4403 275 4470 μιᾶς
296 4399 360 4452 ἐστιν
382 4398 473 4468 ὴμέρας
486 4397 550 4459 ὁδός.
567 4396 709 4467 λπολόγων
727 4397 753 4452 δὲ
767 4399 781 4451 ό
795 4401 882 4461 πόντος
923 4399 1021 4449 merico
1034 4397 1103 4448 circa
1121 4393 1396 4458 mosebruunne,
1411 4394 1526 4464 incipiat,
1542 4395 1705 4456 nimandin

97 4480 202 4533 ἐνταῦθα
213 4481 330 4551 μηνοειδῆ
341 4481 433 4533 τίθεται
441 4476 487 4546 τὴν
496 4477 583 4543 dcclv.
596 4477 720 4550 ίίαίόμὲν
730 4483 773 4532 τοῦ
783 4500 881 4551 μηνοει-
925 4476 1000 4546 (όοο
1017 4493 1053 4526 m.
1070 4473 1079 4546 )
1099 4473 1226 4526 ducerent
1246 4473 1299 4526 sere
1314 4475 1341 4524 in
1366 4475 1498 4542 regionem
1521 4473 1704 4544 Sebastopolis.

96 4563 153 4620 δοῦς
169 4561 256 4612 τούτου
277 4559 393 4620 δίόπλους
408 4557 431 4620 ἔς
443 4557 594 4623 πεντήκοντα
615 4577 641 4610 τε
659 4559 700 4610 καί
711 4561 882 4621 πεντακοσίους
922 4557 1044 4605 Ceterum
1059 4553 1165 4623 quinem
1177 4553 1338 4623 sitNicopsis
1350 4552 1446 4604 fluvius
1457 4555 1467 4620 (
1479 4562 1505 4604 et
1517 4551 1579 4603 urbs
1591 4569 1618 4621 p.
1635 4555 1680 4607 181
1696 4555 1703 4622 )

98 4639 206 4710 μάλιστα
220 4640 330 4701 σταδίους
349 4639 438 4706 διήκει,
458 4637 489 4690 τὰ
507 4636 533 4688 δὲ
557 4635 632 4689 αδτοῦ
654 4638 737 4690 ὄπισθε
758 4637 882 4707 ζόμπαντα
923 4643 948 4684 et
958 4631 1126 4702 Soteriopolis
1140 4641 1252 4684 castrum
1270 4630 1358 4683 dioere
1372 4632 1468 4682 certius
1480 4648 1534 4682 non
1553 4629 1647 4692 balneo,
1660 4631 1704 4683 secl

97 4719 190 4784 Λαζική
205 4738 230 4772 τε
242 4718 293 4772 ἔστι
306 4719 347 4771 καὶ
355 4718 512 4788 όνομόζεται.
533 4715 602 4767 Μετὰ
620 4715 646 4768 δὲ
659 4716 744 4777 αὐτοὺς
762 4717 824 4768 κατὰ
837 4714 881 4780 τήν
922 4711 1057 4783 probabile
1066 4723 1104 4764 est
1113 4711 1286 4782 Soteriopolin
1296 4729 1350 4762 esse
1362 4708 1540 4780 Sebastopolin
1548 4709 1636 4780 3juxta
1646 4711 1705 4764 Col-

98 4799 234 4870 μεσόγαιαν
250 4798 359 4870 Σκυμνία
371 4797 405 4868 (δ)
420 4815 445 4849 τι
459 4796 500 4848 καί
517 4795 624 4847 Σοοανία
642 4795 705 4848 ἐστί·
726 4800 802 4847 ταῦτα
815 4796 840 4848 δὲ
852 4795 882 4847 τὰ
923 4792 987 4844 chos
995 4791 1088 4859 hbnsgi
1098 4801 1276 4842 memorentur
1288 4790 1314 4842 in
1324 4789 1492 4861 Theophanis
1503 4791 1565 4861 Byz.
1577 4790 1706 4858 fragmen-

98 4877 158 4943 ἔθνη
175 4879 261 4938 Λαζῶν
279 4877 389 4943 κατήκοα
404 4875 524 4945 τυγχάνει
538 4873 606 4925 όντα.
620 4873 694 4926 ldern
705 4889 734 4942 p.
750 4875 801 4934 468
820 4890 826 4924 :
846 4872 882 4924 Τὰ
923 4874 957 4926 tis
970 4872 980 4938 (
993 4871 1037 4922 Pr.
1055 4870 1122 4922 Hist.
1138 4871 1186 4932 tv,
1204 4887 1231 4938 p.
1253 4885 1300 4938 ²7¹
1314 4869 1335 4936 ).
1348 4867 1389 4920 Cl.
1404 4867 1526 4936 Agathias
1537 4884 1564 4937 p.
1585 4872 1644 4930 140,
1660 4883 1703 4922 22.

99 4956 144 5026 μὲν
163 4955 211 5026 γὰρ
230 4955 255 5009 ἔν
276 4953 391 5024 ἀριστερᾷ
403 4954 531 5013 κατιόντος
550 4956 595 5005 τοῦ
614 4950 657 5021 ῥοῦ
672 4950 811 5017 (Phasidis
829 4951 856 5003 ll.
871 4951 880 5022 )
924 4951 1023 5003 Plinius
1034 4947 1211 5018 Abasgosnon
1223 4957 1359 5000 memorat.
1380 4949 1470 5016 ΙΙ-9,
1481 4946 1629 5017 Σανίγαι]
1642 4948 1705 4999 For·

103 5035 239 5097 λσίαέστὶ,
254 5033 284 5086 τα
302 5033 328 5086 bl
348 5033 373 5087 ἐν
385 5033 451 5102 δεξιᾷ
464 5031 568 5102 ilipa-'ren
589 5032 740 5102 ὠνόμασται.
760 5029 828 5081 ttae&
839 5030 881 5099 μὲν
925 5039 990 5081 tasse
1007 5027 1085 5080 scrib.
1105 5025 1701 5097 ttvnar.1nt1·a§27denchaeunnssuvio·

99 5111 144 5167 οὖν
162 5113 206 5178 τὴν
224 5118 268 5180 τῆς
286 5112 403 5184 Ιὶδρώπης
418 5114 507 5181 μοῖραν
518 5111 644 5181 ξόμπαντα
661 5113 748 5171 Λαζῶν
768 5109 799 5162 τὰ
817 5109 881 5161 οἰκία
924 5106 1136 5176 διορίζειΖιλ-γιοδς
1149 5107 1190 5157 καί
1201 5105 1307 5174 Σανίγας
1324 5107 1334 5172 (
1347 5107 1383 5157 sio
1393 5109 1413 5172 ),
1425 5104 1469 5158 ubi
1484 5108 1651 5174 reposuimus
1660 5101 1676 5153 λ’

100 5193 224 5264 ξομόαίνει
236 5191 314 5255 εἶναι,
331 5192 370 5246 ἐπὶ
381 5193 471 5260 θάτερα
484 5190 510 5243 ii
519 5189 574 5242 οότε
588 5190 697 5258 πόλισμά
711 5209 733 5241 τι
746 5188 800 5240 οὔτε
818 5189 882 5240 ἄλλο
926 5187 1002 5255 νίγας
1021 5183 1097 5254 llpnd
1108 5184 1231 5254 Stephon.
1251 5185 1311 5253 Byr..
1325 5183 1341 5234 l.
1361 5182 1377 5234 Ι,
1393 5181 1460 5234 ordo
1471 5181 1607 5238 literarum
1619 5200 1665 5255 poa

99 5293 124 5326 τι
138 5273 257 5344 ilipa-ipo
273 5271 328 5324 οὔτε
348 5273 433 5342 κώμην
451 5270 504 5324 :nit
516 5269 593 5340 λόγου
613 5269 677 5330 ἀξίαν
693 5269 767 5330 Λαζοί
781 5268 880 5338 ἔχουσι,
927 5266 960 5319 lnt
973 5265 1102 5334 Σαννίγαι,
1117 5263 1196 5334 idque
1204 5262 1310 5334 plurimi
1325 5259 1563 5319 codicesexbibcto
1576 5265 1665 5325 rident
