3775 5750
110 384 227 457 iu..)
658 382 843 443 nunionis
864 384 985 445 uinis
1005 352 1226 445 surenam.
1686 403 1743 453 m

123 509 210 589 Ἔχει
220 508 248 567 δὲ
261 507 305 567 καί
317 506 383 579 αὐτὴ
395 506 541 587 σιίγχρησιν
552 510 603 565 τῶν
615 512 660 565 τοῦ
672 510 755 588 πέραν
770 510 914 590 ἐμπορίων,
958 520 1126 593 bus,partitn
1135 522 1252 590 navigiis.
1290 523 1414 575 Ceterum
1426 524 1481 592 ipsa
1493 540 1601 594 qnoque
1610 526 1743 581 mittendi„

128 596 290 678 Ιίαρυγιίζιον
310 595 355 653 καὶ
376 595 490 662 Σκυθίας
501 594 547 653 καί
560 593 686 671 Ὀμιίνιυν
701 596 746 655 καί
759 600 804 669 τῆς
824 620 913 677 παρα·
957 608 1411 663 navibusoommerciaexeroetcum
1420 613 1742 681 emporiistransmarinis‚

126 683 251 763 κειμένης
264 683 400 764 Περσίδος.
957 696 1480 766 ιιιιγςοιινοιεεγιιιιιειοιοοοίιοιοοιο
1488 698 1743 768 adjsoeutePerstdo.

171 792 206 833 as.
222 770 366 845 Εἵσόγεται
375 770 403 829 δὲ
413 772 449 837 είς
457 767 540 841 αὐτὴν
552 769 599 827 ἀπ’
609 767 747 847 Αἵγίιπτου
759 768 806 845 μὲν
818 771 913 847 ὁμοίως
993 785 1039 835 28.
1057 784 1219 853 Importatur
1229 783 1257 835 in
1265 800 1322 835 eam
1336 802 1369 836 cx
1382 784 1494 856 AEgypto
1502 787 1582 839 tritici
1598 788 1743 858 paullulum

97 858 214 939 ιπυρθς
236 858 321 936 ὀλίγος
340 856 385 915 καί
404 848 470 923 οἶνος
490 854 580 937 ὥσπερ
598 856 643 915 καί
667 858 703 923 τίς
732 858 842 934 Molle,
867 858 913 917 καί
957 878 984 921 et
993 870 1085 922 unum
1094 869 1293 923 similiterscin
1303 871 1421 933 Momm,
1434 887 1514 941 porro
1532 875 1640 927 vestitus
1649 876 1743 930 Arabi·
1854 890 1857 894 ·

125 944 272 1023 ἱματισμὸς
290 943 441 1024 ’λραόικθς,
469 943 564 1021 ὁμοίως
584 943 630 1003 καί
652 942 735 1010 κοινθς
750 944 794 1003 καί
814 946 914 1014 trist<
957 974 1005 1009 cus
1017 967 1044 1009 et
1056 956 1206 1009 communis
1217 966 1244 1009 et
1256 956 1366 1029 simplex
1380 967 1406 1010 et
1419 956 1559 1013 adulterini
1572 963 1647 1032 copia
1659 963 1742 1016 abun·

126 1034 176 1093 καί
190 1037 205 1093 ό
219 1032 292 1100 νόθος
305 1031 503 1112 περισσότερος,
523 1031 568 1090 καί
587 1029 687 1110 χαλκὸς
701 1030 745 1090 καί
761 1032 914 1111 κασσίτερος
957 1040 1073 1105 dilutior,
1088 1060 1132 1106 es,
1147 1052 1281 1107 monum,
1294 1042 1441 1107 oomllium,
1451 1055 1540 1117 styrax
1553 1056 1580 1099 et
1590 1058 1676 1101 uetera
1684 1066 1744 1120 (γορ
1816 1063 1835 1092 .·

125 1121 175 1179 καί
189 1119 326 1201 κοριίλλιον
341 1118 386 1177 καί
398 1118 495 1199 culpa}
504 1118 549 1177 καί
560 1117 594 1176 τί
609 1116 690 1176 λοιπθ
701 1115 750 1178 ὅσα
764 1121 798 1185 τίς
809 1119 912 1187 ίίίοθζα·
958 1129 985 1180 in
998 1130 1104 1182 Musam
1117 1129 1321 1199 lenmtur31egi
1335 1130 1492 1201 plerumque
1505 1131 1671 1189 destinantur
1684 1155 1744 1191 vass

126 1210 164 1268 τὰ
182 1208 290 1267 πλείονα
305 1206 333 1265 δί
348 1206 528 1287 ἀργυρώματα
540 1204 713 1286 τιτοριυμίνα
728 1206 773 1266 καί
785 1204 912 1286 χρήματα
956 1233 989 1268 cx
1002 1229 1110 1286 argento
1122 1217 1203 1270 celata
1213 1228 1241 1270 et
1250 1219 1376 1288 pecunim
1389 1218 1435 1271 sed
1447 1221 1599 1289 equi'ctinm
1612 1233 1639 1275 et
1653 1234 1744 1277 statum

82 1315 114 1353 ιυ
128 1300 169 1376 τῷ
179 1296 292 1374 βασιλεῖ,
302 1294 371 1375 [καί]
380 1294 457 1353 ἵπποι
466 1295 493 1353 δὲ
503 1295 548 1353 καί
556 1294 706 1372 ἀνδριάντες
716 1292 759 1351 καί
771 1294 913 1371 ἱματισμὸς
956 1311 984 1354 et
995 1304 1102 1355 vestitus
1111 1302 1239 1373 insignior
1247 1302 1367 1373 simplex.
1402 1306 1582 1376 Expertaotur
1591 1318 1678 1363 nutem
1686 1320 1743 1363 ιιιιιι

126 1386 250 1465 διάφορος
261 1384 372 1449 ἁπλοῦς.
417 1380 637 1461 Ἐξιίγεταιθίέξ
652 1385 732 1453 αὐτῆς
746 1382 851 1440 ίντόπια
864 1380 912 1459 μὲν
957 1388 1087 1458 indigena.-
1098 1408 1207 1454 meroes,
1217 1390 1280 1443 thus
1288 1390 1389 1455 etaloe,
1397 1401 1456 1444 turn
1466 1410 1583 1463 quorum
1593 1414 1624 1448 ex
1637 1396 1744 1467 reliquis
1837 1408 1845 1424 '

126 1469 502 1551 φορτία,λί6ανοςκαίᾶλόη,
521 1468 595 1528 etti
612 1468 776 1528 inindicari
796 1470 911 1549 μετοχὴν
957 1476 1084 1545 emporiis
1103 1476 1177 1529 locus
1198 1475 1228 1529 tit
1253 1478 1393 1548 particeps.
1438 1478 1631 1547 navigaturis
1656 1484 1745 1535 (lunen

126 1564 183 1617 τῶν
195 1560 281 1617 ἄλλων
293 1558 437 1639 ἐμπορίων.
480 1559 591 1619 Πλεῖται
605 1556 631 1615 δλ
644 1558 680 1625 εἰς
691 1556 772 1628 αὐτὴν
787 1558 849 1637 περί
867 1558 911 1616 τὸν
956 1560 1050 1613 endem
1060 1560 1114 1614 lere
1125 1578 1180 1633 quo
1195 1562 1222 1613 in
1234 1562 1339 1615 Moram
1349 1573 1481 1633 tempore,
1491 1564 1580 1634 μιιιιίίο
1592 1575 1680 1621 tamen
1692 1586 1745 1621 ma·

128 1646 208 1704 αθτθν
220 1644 310 1726 καιρόν
322 1644 349 1703 όν
362 1644 407 1703 καί
417 1647 453 1711 εἵς
464 1643 570 1715 Μοθζα,
582 1642 770 1725 πρωῖμιίιτιρον
784 1644 823 1703 δέ.
956 1648 1054 1701 tutius.
1425 1670 1430 1676 ·

80 1758 113 1796 ts
171 1754 207 1795 ιο.
226 1732 302 1792 Mart
317 1732 345 1791 δὲ
366 1732 466 1806 Koile,
485 1735 533 1801 τῆς
545 1736 592 1807 γῆς
604 1731 648 1789 ἐπί
659 1734 748 1789 πλεῖον
760 1732 915 1811 θποχωροό·
996 1751 1040 1805 29.
1061 1737 1124 1789 Post
1141 1736 1245 1801 Cenon,
1259 1748 1330 1791 terra
1349 1740 1377 1793 in
1396 1739 1482 1810 majus
1504 1741 1655 1806 recedente,
1677 1744 1745 1796 alius

128 1846 193 1895 σης,
217 1821 296 1887 ἄλλος
314 1821 451 1899 ἐκδέχεται
472 1818 619 1898 βαθύτατος
644 1819 757 1893 κόλπος,
779 1820 823 1877 ἐπί
846 1818 914 1877 πολὺ
959 1823 1079 1891 sequitur
1091 1824 1165 1874 sinus
1179 1822 1419 1892 profundissimus,
1434 1842 1483 1897 per
1500 1826 1609 1895 longum
1622 1839 1746 1883 extensus

128 1908 321 1989 παρεκτείνων,
336 1909 499 1987 όλιγόμενος
512 1906 674 1985 Σαχαλίτης,
689 1907 734 1965 καί
746 1907 822 1986 χώρα
835 1908 913 1966 lits·
958 1910 1083 1980 spatium,
1097 1909 1236 1963 Sachalites
1247 1912 1370 1976 nomine,
1381 1922 1408 1965 et
1423 1915 1496 1982 regio
1513 1915 1657 1980 tburisern,
1671 1934 1745 1969 mon·

128 2080 187 2148 city
202 2077 283 2148 ostlie
291 2078 394 2150 calipds
406 2080 441 2142 11,
454 2096 481 2149 p.
500 2078 533 2146 59
545 2087 572 2130 et
589 2094 635 2129 121
648 2077 668 2147 ).
686 2078 697 2145 ll
710 2106 747 2117 —
759 2094 783 2129 ι.
798 2081 851 2129 τοῦ
869 2079 919 2131 πί·
958 2096 1006 2147 gro
1015 2081 1208 2149 promontorio,
1218 2079 1292 2149 quod
1301 2098 1334 2133 ex
1343 2082 1438 2152 Peripli
1445 2082 1592 2135 rationibus
1602 2101 1658 2137 esse
1668 2084 1744 2136 debet

129 2157 211 2228 ραν]
235 2161 278 2209 τοῦ
301 2156 379 2226 vulgo
397 2156 470 2209 deest
492 2165 584 2210 contra
605 2155 703 2209 codicis
725 2158 917 2210 auctoritatem.
959 2155 1118 2209 hodiernum
1134 2160 1188 2228 (op
1206 2158 1317 2221 Furtal,
1337 2175 1354 2210 a
1376 2157 1461 2211 Hitsn
1481 2160 1587 2212 Ghomb
1605 2162 1659 2212 sive
1676 2162 1746 2215 Cane

134 2240 146 2303 ll
164 2268 200 2279 -
211 2254 238 2289 a.
253 2236 419 2306 Σκυθίας.]
436 2237 472 2290 V.
487 2238 502 2303 S
516 2236 560 2289 36.
573 2236 617 2289 38.
960 2233 1082 2288 dissitum
1095 2234 1180 2287 tribus
1196 2234 1369 2303 longitudinis
1386 2235 1511 2305 gradibus
1531 2247 1558 2291 et
1574 2236 1664 2308 paullo
1675 2237 1745 2310 plus.
1815 2266 1819 2273 ·

168 2320 244 2383 528,
259 2314 277 2368 ί.
293 2315 318 2369 5.
336 2313 382 2376 εἵς
395 2314 518 2386 illeille]
531 2314 572 2367 Cf.
588 2324 644 2367 not.
659 2312 720 2382 ad§
740 2318 782 2367 16.
797 2314 807 2382 ΙΙ
822 2314 919 2366 -καί
960 2313 1059 2366 sonna
1071 2313 1226 2368 Ptolemaeus
1237 2322 1297 2383 post
1313 2313 1423 2365 Moscha
1440 2313 1550 2368 demum
1564 2315 1658 2370 urbem
1670 2317 1748 2387 ponit

130 2388 919 2464 ἵμασισμθς]ίματισμδς’ίρ.καίομ.,οοόαιι;ιι·νποροσιιίι
959 2392 1098 2463 Syagrium,
1113 2410 1160 2445 sex
1178 2389 1304 2461 gradibus
1326 2392 1432 2445 allans
1451 2391 1607 2459 distantem
1628 2394 1695 2448 adeo
1717 2407 1747 2449 ut

131 2472 309 2543 Bernhardy.;
325 2472 403 2541 vulgo
417 2470 459 2523 καί
470 2472 606 2523 omittunt.
618 2470 713 2537 ΙΙ-δ.
724 2468 842 2538 κορόλιον
856 2468 917 2523 cod.
960 2468 1175 2542 componendum
1196 2472 1411 2541 promontorium
1437 2470 1505 2524 soret
1522 2490 1584 2525 cum
1604 2472 1669 2526 bod.
1693 2477 1747 2545 Cup

134 2554 146 2619 ΙΙ
160 2582 197 2591 -
214 2568 256 2605 ro.
270 2551 322 2603 καί
338 2550 433 2603 ἵπποι
448 2548 495 2619 δὲ]
512 2558 558 2601 sut
575 2548 613 2601 sio
626 2546 766 2615 legendum
783 2564 833 2617 pro
847 2546 920 2599 ἵπποι
960 2552 1048 2613 Νονσς
1072 2548 1118 2602 sed
1130 2566 1216 2620 quum
1235 2552 1287 2602 800
1305 2548 1358 2601 lere
1372 2547 1463 2602 stadiis
1480 2559 1541 2621 post
1556 2554 1610 2623 Cap
1619 2554 1689 2605 ans
1705 2571 1746 2605 se·

131 2629 177 2693 δὲ,
197 2640 244 2681 ant
257 2628 337 2681 scrib.
351 2628 424 2683 ἵπποι
443 2647 479 2681 τε.
497 2628 509 2695 ΙΙ
526 2656 563 2667 -
578 2642 620 2679 ιι.
645 2624 782 2695 ἁπλοῦς]
801 2624 842 2677 καί
858 2624 917 2681 tet.
961 2638 1059 2697 quattu
1080 2632 1134 2699 Cap
1147 2631 1248 2693 Saugra
1268 2628 1323 2679 sive
1342 2628 1490 2693 Saulirolt,
1511 2629 1564 2682 boc
1583 2631 1673 2700 potius
1691 2648 1747 2683 esse

132 2702 920 2777 str.Fal›ricius;lesquecnusa.ll—12.dldn]Haecest
961 2707 1088 2775 Syagrum
1111 2705 1243 2759 Ptolemaei
1264 2708 1405 2759 nominum
1427 2706 1573 2760 similitudo
1594 2708 1697 2761 suadet.
1712 2740 1747 2750 —

131 2787 190 2839 aloe
208 2784 407 2851 badramutena‚
421 2786 455 2838 de
466 2802 518 2855 qun
532 2782 618 2837 Edrisi
632 2784 656 2836 1.
669 2799 697 2853 p.
712 2780 742 2835 όν
757 2798 763 2835 :
779 2806 790 2827 ·
803 2783 840 2835 Ce
856 2800 920 2854 pays
961 2784 1066 2851 Quodsi
1078 2794 1168 2837 autem
1182 2784 1298 2836 Ritterus
1311 2794 1400 2836 censet
1410 2783 1481 2837 idem
1497 2796 1632 2856 promont.
1647 2790 1748 2854 &ingre

132 2863 244 2936 produit
256 2863 343 2918 titos
357 2881 445 2918 connu
463 2881 525 2916 sons
541 2860 566 2915 le
580 2879 642 2914 nom
661 2858 870 2926 d’badrumouti‚
885 2860 921 2916 le-
961 2864 1041 2916 etiam
1061 2882 1077 2916 a
1090 2862 1186 2935 Peripli
1200 2872 1306 2916 auctore
1319 2864 1447 2935 Syagrum
1465 2865 1561 2930 vocari,
1575 2876 1665 2936 aperte
1677 2883 1748 2919 erro·

132 2943 195 3019 quel
211 2952 250 2995 αιι
262 2941 343 2996 d’nne
353 2943 449 3012 qualite
463 2941 603 2994 inlerieure
615 2938 631 2992 i
646 2939 709 2992 oelle
722 2937 756 2992 de
777 2937 865 2992 l'alois
878 2959 921 2993 so·
962 2943 1015 3006 vit;
1028 2960 1090 2996 nam
1099 2959 1160 3013 quse
1170 2951 1232 3014 post
1244 2943 1372 3013 Syagrum
1383 2941 1479 2996 loonio
1492 2954 1584 2996 nostro
1595 2944 1683 2997 libello
1694 2963 1748 2998 mc·

131 3023 230 3074 cotrin.
254 3023 306 3074 Des
329 3020 505 3074 lebifioeteurs
527 3019 552 3071 le
571 3017 668 3071 melent
688 3016 864 3089 quelquclois,
886 3037 921 3072 au
962 3031 1102 3074 morantur
1120 3031 1180 3074 tum
1201 3017 1310 3074 (ίοιιιυιιι
1330 3019 1454 3089 explicari
1473 3025 1594 3091 possunt}
1615 3023 1638 3073 si
1657 3039 1674 3074 a
1695 3027 1749 3094 Cap

131 3117 231 3171 moyen
242 3098 276 3152 de
290 3099 426 3162 lalusion,
442 3117 505 3152 avec
517 3116 547 3150 ce
558 3095 673 3150 dernier.
694 3117 705 3144 ι
963 3099 1065 3152 Fortnl
1079 3097 1269 3169 proficisceris3
1289 3114 1344 3167 quo
1357 3115 1491 3162 conoesso,
1504 3097 1576 3150 credi
1594 3101 1677 3167 possit
1690 3117 1748 3170 pcr-

169 3183 242 3247 529,
257 3178 275 3231 l.
299 3195 341 3248 ¹7·
360 3177 502 3238 κόλπος..
518 3174 718 3246 Σαχαλῖτης]
737 3175 778 3226 De
797 3173 923 3228 Suchnlite
962 3195 1053 3249 peram
1071 3195 1087 3233 a
1105 3178 1204 3230 Nostro
1222 3176 1313 3245 syagri
1333 3175 1478 3233 nomeuad
1499 3179 1553 3248 sap
1574 3178 1674 3230 Furtul·
1693 3197 1749 3232 csse

130 3260 193 3310 sinu
205 3259 233 3310 in
245 3257 360 3310 diversas
370 3267 455 3328 portes
464 3265 563 3309 veteres
572 3253 713 3324 geographi
722 3252 829 3306 dieunt.
844 3255 924 3306 Mori·
963 3255 1127 3310 translatum.
1143 3257 1178 3308 At
1197 3271 1231 3306 ue
1247 3253 1299 3306 boc
1318 3251 1427 3324 quidem
1443 3253 1547 3306 admitti
1567 3264 1671 3324 potem
1687 3273 1748 3308 nam

131 3355 184 3389 nus
195 3354 258 3390 eum
268 3355 283 3388 n
294 3338 392 3407 Syagro
400 3335 583 3406 promontorio
593 3349 715 3386 occssnm
725 3349 825 3396 versus,
837 3332 922 3385 Ptole·
963 3331 1325 3396 itabebetPlinins,V1.3a:
1340 3330 1417 3383 Claro
1431 3330 1459 3383 in
1469 3331 1574 3394 Ampio
1583 3331 1652 3384 mari
1669 3332 1749 3386 Dios·

132 3434 218 3470 maeus
229 3418 357 3468 orientem
370 3432 458 3467 versus
469 3411 611 3466 essedixit.
625 3413 721 3465 Noster
732 3410 766 3464 de
777 3411 922 3482 hispanum
962 3412 1054 3466 coridu
1075 3410 1182 3484 (insuti
1192 3410 1221 3481 )‚
1238 3408 1344 3462 distans
1361 3428 1379 3460 α
1390 3415 1486 3480 Syagro
1502 3422 1607 3462 extumo
1624 3429 1748 3480 promon-

123 3495 261 3561 ,distincte
281 3493 371 3548 tradit.
386 3493 522 3564 Erpiassis
533 3491 620 3544 verbis
636 3488 784 3546 socialiter
801 3501 877 3544 voest
890 3493 923 3543 si.
964 3491 1031 3543 torio
1043 3493 1096 3544 atto
1107 3487 1174 3542 mitt.
1189 3489 1244 3559 (:
1253 3491 1323 3550 nalo
1334 3486 1402 3541 stad.
1412 3488 1433 3559 ),
1443 3505 1504 3559 quae
1516 3484 1648 3558 quadrant
1655 3491 1683 3542 in
1695 3494 1749 3563 Cap

131 3592 202 3626 num
222 3573 267 3643 qui
279 3584 338 3643 pest
356 3574 444 3625 Quen
465 3571 584 3641 sequitur
603 3579 630 3621 et
648 3585 731 3638 usque
748 3567 782 3622 ad
796 3570 923 3639 Syagrum
963 3569 1075 3633 rurist,
1088 3585 1169 3640 aquo
1180 3567 1306 3620 Socotora
1317 3566 1454 3623 attoosere
1464 3564 1547 3619 stadia
1559 3565 1642 3632 abest,
1653 3565 1749 3622 duma

131 3670 225 3724 prom.
239 3653 362 3722 portium.
376 3652 438 3704 Post
447 3652 574 3721 Syagrum
585 3664 648 3701 vero
658 3647 738 3701 alium
751 3649 825 3718 sequi
836 3651 923 3701 sinum
962 3663 1050 3717 prom.
1060 3651 1232 3712 Saugmsunt
1241 3645 1320 3699 3600.
1333 3647 1460 3699 Praetema
1471 3645 1584 3716 Syagws
1593 3655 1749 3716 promonto·

131 3733 212 3795 dicit,
226 3729 302 3800 cujus
316 3749 413 3783 nomen
427 3747 482 3782 non
497 3726 605 3789 indicat,
617 3724 713 3778 deinde
727 3735 829 3778 montes
846 3724 921 3792 altos,
963 3727 1033 3778 rium
1044 3726 1189 3796 μέγιστον
1201 3723 1372 3778 essedioitur.
1381 3727 1442 3779 lam
1451 3742 1514 3779 vero
1521 3734 1626 3778 montes
1634 3741 1749 3795 quorum

132 3821 195 3862 tum
206 3809 343 3862 bloscbarn
352 3819 460 3880 portum
471 3805 676 3876 θποδεδειγρίνον
688 3808 733 3858 τοῦ
744 3803 924 3873 Σοχαλῖτου
963 3815 1099 3857 extremus
1110 3813 1198 3856 vertex
1213 3804 1241 3856 in
1258 3821 1330 3858 mare
1343 3821 1504 3874 procurrens
1514 3808 1617 3872 Sougra
1627 3814 1748 3868 vocatur,

131 3889 307 3958 λιόάνουπρδς
318 3887 444 3959 ίμόολόνς
460 3886 549 3957 ibique
562 3896 649 3938 namot
665 3884 727 3937 thus
740 3883 826 3954 abque
838 3895 924 3937 custo·
963 3882 1102 3937 altitudine
1120 3901 1175 3936 uon
1186 3881 1317 3936 excedunt
1330 3873 1410 3955 pedes
1422 3894 1573 3947 sexcentum
1589 3901 1641 3955 cap
1650 3885 1750 3936 Fartal·

132 3970 182 4021 dia
195 3968 358 4021 cumulatum
368 3967 455 4038 jacere
472 3967 528 4036 παρ’
543 3965 604 4018 όλον
617 3965 659 4016 τόν
671 3962 825 4032 Σαχαλίτην.
840 3964 925 4032 Igitur
965 3964 993 4015 in
1013 3961 1084 4016 aboo
1105 3961 1187 4034 podes
1207 3961 1345 4028 attollitur,
1366 3972 1494 4033 tantoque
1512 3961 1680 4033 spectabilius
1699 3973 1748 4026 est,

131 4045 302 4117 conjunc-tim
313 4046 420 4100 exbibet
431 4055 457 4099 et
465 4045 563 4098 Marini
572 4054 599 4098 ct
611 4043 744 4098 Ptolemaei
757 4044 923 4096 sententiam.
964 4040 1038 4112 quod
1053 4041 1202 4094 continenti
1216 4042 1321 4094 nonnisi
1335 4041 1429 4094 humili
1439 4039 1659 4105 tractnadbaeret,
1671 4038 1750 4093 adeo-

132 4129 262 4180 Ceterum
275 4127 310 4178 itn
324 4125 401 4179 babet
410 4123 564 4178 Ptolomeus
577 4125 601 4188 1,
619 4139 650 4192 17
667 4121 759 4176 z'lino
770 4120 792 4172 δ’
806 4119 923 4190 ἧδη(νο.
964 4138 1017 4192 qne
1032 4120 1163 4174 solitarius
1182 4129 1273 4174 vertex
1294 4117 1336 4171 vel
1354 4118 1439 4171 insula
1458 4136 1514 4171 ease
1536 4115 1650 4181 videtur,
1669 4134 1749 4187 quam

133 4212 186 4260 τῶν
201 4203 267 4276 παρὰ
285 4205 408 4276 Μαρῖνῳ)
423 4205 476 4264 τοῖς
489 4207 532 4256 νῦν
544 4202 725 4272 ίατσρουμόνοις
737 4198 782 4252 οὖν
796 4198 850 4270 ἔχει
866 4219 926 4272 ουρ·
965 4207 1054 4252 nautae
1068 4197 1159 4250 iudea
1174 4201 1308 4266 sexaginta
1325 4195 1431 4248 milibus
1445 4194 1551 4264 anglicis
1568 4211 1601 4246 ex
1613 4192 1666 4246 alto
1688 4212 1751 4246 con·

133 4288 232 4356 φώνως·
246 4284 280 4345 ὣς
291 4283 306 4335 ό
316 4283 457 4354 lla-pallene
470 4281 562 4342 κόλπος
575 4279 623 4334 leb
635 4281 732 4350 δυσμῶν
746 4277 786 4332 ὑπ’
801 4278 875 4331 αὐτοῦ
889 4298 924 4331 τι·
965 4279 1091 4350 spiciunt,
1103 4287 1134 4329 ut
1142 4273 1222 4329 refert
1233 4275 1331 4327 Haines
1342 4272 1359 4326 ί.
1370 4273 1390 4326 l.
1404 4274 1526 4343 Denique
1541 4271 1672 4342 quomod
1688 4289 1750 4342 pro·

136 4365 241 4432 θέμενος
253 4365 297 4414 τοῦ
309 4361 420 4432 Συάγρου
434 4359 594 4431 ἀκρωτηρίου·
608 4356 755 4428 πάντεςγίιρ
773 4357 924 4430 (Periplum
966 4357 1129 4409 montorium
1145 4354 1195 4406 sita
1213 4352 1247 4403 sit
1259 4351 1323 4404 urbs
1336 4355 1432 4420 Sugga
1449 4352 1510 4419 (sic
1528 4349 1682 4421 Rergbaiu)
1697 4351 1751 4402 sive

135 4453 260 4494 nostrum
270 4445 299 4495 P.
311 4460 366 4495 non
379 4441 470 4512 novit)
487 4437 633 4501 ἁπαξαπλῶς
645 4436 812 4510 ὁμολογοῦσιν
834 4435 858 4490 ol
870 4437 926 4500 τοίις
966 4435 1070 4502 Sagliar.
1083 4432 1142 4502 (sic
1160 4429 1289 4502 laubert)
1311 4431 1366 4482 sive
1384 4429 1487 4482 δίιαΙιαν
1504 4425 1677 4498 (Wellstcd)
1696 4429 1751 4481 sive

136 4523 229 4581 τόπους
239 4521 338 4582 τούτοις
357 4519 527 4584 διαπλέοντες,
550 4515 794 4571 tetraptoton
813 4515 926 4588 Συάγρου
965 4512 1095 4566 Seleoltr:
1118 4511 1146 4563 in
1170 4519 1297 4580 promptu
1321 4519 1361 4562 est
1382 4507 1534 4578 conjectura
1555 4506 1619 4559 bine
1643 4505 1751 4561 tortasse

137 4601 181 4652 καί
193 4599 387 4669 τδνΣοχαλίτην
400 4597 464 4652 εἵνοιι
477 4600 562 4669 χώραν
573 4601 616 4663 τῆς
629 4595 738 4668 Ἆραόῖας
750 4594 792 4648 καί
803 4594 845 4647 τδν
857 4594 925 4666 δμώ-
966 4593 1074 4652 Graeoos
1089 4586 1191 4642 Fortnlr
1208 4586 1392 4658 promontorio
1405 4583 1496 4637 secisse
1509 4601 1608 4638 nornen
1627 4583 1749 4656 Συάγρου.

138 4697 219 4749 νυμον
239 4678 313 4744 αθτῆς
332 4678 436 4732 κόλπον.
455 4679 523 4731 Cum
537 4677 678 4731 Ptolemaeo
697 4673 759 4727 lacit
777 4674 928 4728 Marcianus
966 4669 1042 4730 Idem
1064 4667 1106 4720 vel
1123 4665 1208 4719 Simile
1228 4664 1293 4738 quid
1310 4661 1382 4736 apud
1398 4664 1505 4717 GM
1523 4681 1619 4716 ⁶0⁰³st
1639 4662 1752 4718 debebat

139 4777 167 4829 p.
185 4759 221 4810 αθ
234 4775 241 4810 :
255 4756 422 4828 Ἐκδόχιταιό
435 4757 581 4828 τιΣόαγρος
596 4754 745 4827 τὀόροςκαί
758 4752 772 4805 ό
786 4751 927 4823 Σαχαλίτης
967 4766 1065 4803 nomen
1083 4745 1220 4800 arabicum
1242 4744 1415 4816 promontorii
1436 4746 1547 4810 δαυμιυ.
1569 4741 1655 4796 Facile
1671 4744 1752 4814 igitur

139 4835 233 4896 κόλπος
253 4837 366 4908 μέγιστος
378 4839 413 4890 ὢν
430 4835 473 4890 καί
492 4835 584 4903 διήκων
604 4835 663 4905 ἄχρι
675 4837 719 4886 τοῦ
742 4832 864 4902 στόματος
882 4835 926 4884 τοῦ
966 4829 1023 4883 lieri
1037 4827 1124 4898 potuit
1135 4835 1165 4879 ut
1177 4824 1360 4896 promontoria
1374 4823 1423 4875 ista
1433 4823 1502 4874 inter
1515 4841 1542 4875 se
1557 4821 1750 4875 confunderen-

141 4913 236 4968 κόλπου
249 4919 293 4968 τοῦ
306 4915 435 4985 Περσικοῦ.
461 4917 501 4968 Ex
523 4912 615 4966 endem
634 4911 761 4965 sententia
780 4910 927 4982 Stephanus
968 4917 1021 4970 tur,
1032 4906 1143 4976 ideoque
1157 4906 1184 4957 in
1198 4903 1312 4956 alienum
1322 4902 1409 4955 locum
1423 4899 1608 4954 transferretur
1620 4903 1693 4953 sinus
1706 4902 1751 4953 Sa·

141 4995 203 5064 Byr..
228 5012 253 5046 v.
271 4993 414 5064 Σαραλίτης
425 4993 490 5047 dicit
508 5011 514 5047 :
531 4991 600 5044 ίίατδ
620 4995 707 5044 τοῦτον
721 4991 764 5044 τόν
782 4989 926 5059 Σαχαλίτην
967 4985 1083 5039 chalites.
1097 4983 1130 5037 Id
1148 5001 1211 5036 vero
1224 4981 1382 5045 Ptolemaeo,
1399 4999 1453 5033 non
1466 4981 1564 5034 Nostro
1576 4979 1700 5034 accidisse
1712 4997 1752 5031 rc·

141 5073 235 5126 κόλπον
245 5075 340 5126 κεῖνται
352 5073 470 5145 πελάγιαι
481 5076 552 5138 νῆσοι
564 5070 756 5141 termimum
767 5068 875 5121 Zenobii
886 5069 927 5120 in·
967 5066 1072 5135 liquum
1100 5071 1188 5115 estut
1207 5060 1412 5113 demonstretur.
1432 5089 1469 5100 -·
1492 5061 1596 5114 Etenim
1618 5059 1750 5110 intractu

142 5153 204 5206 sulae
218 5153 245 5204 in
259 5152 363 5224 Periplo
373 5153 394 5224 ).
406 5155 477 5206 Num
490 5153 570 5220 igitur
585 5167 684 5203 errasse
698 5151 794 5202 Noster
811 5148 926 5200 etMari-
969 5147 1037 5198 iuter
1048 5145 1137 5196 Canen
1151 5151 1178 5216 et
1187 5141 1314 5211 Syagrirm
1329 5138 1464 5209 interjecto
1475 5138 1534 5191 dnae
1545 5153 1617 5190 nunc
1629 5146 1689 5188 sunt
1705 5153 1750 5189 ur·

142 5249 190 5286 nos
204 5230 329 5286 dicendi?
342 5234 462 5286 Minime.
474 5231 524 5286 Sed
538 5231 655 5302 primurn
670 5227 806 5282 videmnus
817 5225 851 5280 de
865 5227 926 5297 Spo-
968 5225 1014 5278 bes
1023 5223 1187 5292 insigniores,
1200 5217 1320 5274 Mululln
1334 5217 1343 5289 (
1355 5216 1508 5286 ¹lt⁰²9'-l⁰''
1520 5216 1577 5282 Ιειι.;
1586 5217 1634 5284 49⁰
1647 5213 1687 5278 οἵγ’
1698 5215 1751 5270 20¹¹
