3775 5750
357 293 409 352 nti
427 289 624 352 tuburno
647 287 829 350 auctoni.
851 287 1002 348 eeutrtt
1026 289 1146 350 Minis
1168 292 1388 354 ERYTllRAEl.
1607 317 1680 360 xctx

66 427 157 498 dicit,
183 428 226 486 ita
238 439 406 505 comparata
423 427 537 495 sint‚nt
556 445 593 482 ex
613 422 729 502 periplo
751 435 854 480 nostro
899 421 1061 501 Limyrices
1080 427 1244 504 emporium
1258 441 1311 503 est,
1322 429 1372 486 sed
1386 429 1498 502 Naura,
1514 447 1579 508 post
1596 453 1681 512 quam

68 521 218 581 Romanus
232 523 360 599 scriptor
376 521 551 579 desumsisse
561 519 672 576 debeat.
688 517 799 587 Quodsi
819 519 855 574 de
898 521 1032 595 sequntur
1052 519 1165 597 Tyndis
1180 535 1208 578 et
1223 534 1281 579 tum
1305 523 1419 582 demum
1435 525 1572 598 llluziris;
1589 547 1683 605 neque

68 619 222 677 nonnullis
242 617 358 678 Plinius
387 618 503 675 diversa
527 615 574 672 vel
599 615 687 672 etiam
708 615 855 671 contraria
898 613 1041 698 lluzirin,
1055 617 1104 675 sed
1120 617 1183 674 loca
1197 619 1274 676 circa
1288 621 1466 680 Caenetarutn
1478 623 1683 682 chersonesum

68 715 191 792 prodat,
207 733 243 772 ea
262 711 462 790 compilatoris
478 709 651 767 festinantia
664 710 711 767 vel
726 708 855 767 oscitan-
898 713 1003 788 piratis
1026 713 1131 770 infesta
1150 714 1303 786 dicuntur;
1325 735 1419 793 neque
1441 719 1564 776 Nitriam
1583 722 1684 798 pirata

69 815 116 866 tiae
133 829 198 868 esse
219 806 389 885 imputanda
401 808 452 882 (Ἴ.
474 805 631 864 Videamus
650 825 713 882 quae
730 823 777 864 res
804 805 853 864 sit.
899 818 1008 878 tenent,
1024 808 1074 866 sed
1089 807 1200 880 Naum,
1215 829 1280 886 quae
1294 829 1311 867 a
1325 811 1418 869 Nitria
1433 826 1482 870 aut
1496 833 1555 870 non
1567 814 1684 873 diversa

69 906 187 964 Plinius
198 919 310 984 postea
324 925 390 982 quae
403 921 491 980 supra
504 903 523 978 S
536 905 591 961 168
605 903 709 974 citavi,
727 901 854 980 primurn
899 915 949 960 aut
968 903 995 960 ei
1015 907 1151 980 proxima
1180 919 1253 976 erat,
1280 905 1404 985 ἐμπόριον
1427 921 1564 980 vocatur;
1589 927 1685 988 neque

71 999 214 1058 describit
222 1001 300 1057 viam
309 998 347 1056 ab
357 997 535 1055 Alexandria
543 997 579 1054 ad
593 997 761 1066 berenicen,
776 997 856 1054 dein·
899 997 1047 1057 mercibus
1062 999 1181 1059 llluziris
1199 1015 1293 1074 caret,
1307 1003 1356 1060 sed
1376 1005 1488 1080 ἀκμάζει
1502 1011 1555 1071 τοῖς
1571 1005 1623 1064 ἀπὸ
1639 1011 1684 1078 τῆς

69 1099 105 1154 de
126 1098 168 1154 ita
179 1099 298 1175 pergit:
327 1099 474 1168 rtavtgnre
495 1099 742 1169 incipiuntoestate
761 1097 857 1150 media
898 1091 1021 1171 Ἀρνακῆς
1036 1097 1071 1160 εἰς
1086 1093 1167 1166 αὐτὴν
1182 1095 1331 1173 ἐρχομένοις
1345 1099 1444 1165 πλοίοις
1462 1097 1507 1156 sal
1523 1100 1685 1171 τοῖςἙλλη·

69 1207 134 1248 onte
146 1182 854 1264 Canirortumautabetor'tnpotius.llostes§57,
899 1196 990 1254 νικοῖς.
1009 1188 1101 1257 Quam
1124 1191 1301 1248 narrationis
1321 1189 1517 1252 diversitatem
1540 1213 1599 1272 quo
1616 1199 1684 1272 quis

71 1309 100 1365 p.
112 1289 173 1361 298
186 1285 262 1344 nihil
275 1287 332 1344 nisi
349 1307 358 1342 :
376 1284 492 1345 ultan
506 1283 533 1341 si
545 1285 581 1348 sl<
591 1281 751 1360 admisistis
763 1288 857 1359 Λιμυ-
899 1296 986 1360 pacto
1018 1281 1055 1340 ab
1079 1285 1261 1362 excerptoris
1293 1285 1469 1362 negligentia
1497 1291 1685 1366 repetiverit?

72 1383 164 1460 ρι-ιὴν)
177 1378 248 1438 sari
262 1380 352 1458 καιρὸν
364 1377 520 1456 ἀναγόμενα
533 1381 580 1436 ἀπ’
592 1379 726 1456 Αἰγύπτου
736 1379 797 1457 περὶ
812 1377 856 1436 τὸν
900 1376 994 1435 immo
1006 1397 1075 1436 vera
1087 1377 1202 1437 Plinius
1216 1379 1382 1456 tradiderit,
1394 1401 1484 1458 quum
1506 1403 1602 1441 rerum
1623 1399 1684 1443 sta·

71 1475 181 1535 ’lodices
197 1478 281 1550 μῆνα.
305 1475 420 1532 Plinius
438 1475 530 1548 igitur
543 1475 723 1532 accuratiora
742 1473 857 1532 tradens
899 1486 947 1532 urs
960 1475 1066 1550 viginti
1081 1476 1139 1534 lere
1152 1495 1294 1534 annorum
1310 1478 1419 1554 spatio,
1434 1499 1493 1556 quo
1514 1479 1604 1538 Plinii
1621 1481 1684 1540 l'ons

72 1593 130 1628 ooo
143 1571 250 1629 Nostra
265 1570 432 1628 festinanter
444 1569 602 1646 excerpsit.
616 1601 657 1611 -
670 1569 783 1626 Deinde
796 1568 857 1626 Pli·
899 1587 918 1627 a
931 1569 1039 1646 peripli
1064 1571 1156 1628 nostri
1182 1565 1311 1649 tempoie
1325 1571 1433 1630 distare
1451 1573 1577 1646 videtur,
1601 1575 1684 1634 laeile

71 1669 162 1724 nius:
190 1669 314 1722 Veniunt
327 1671 438 1720 circiter
453 1667 553 1720 XXX
561 1667 610 1720 die
624 1667 722 1721 Ocelin
741 1667 858 1721 Aradiee
900 1667 1025 1737 mutari,
1040 1667 1201 1744 pirataque
1215 1669 1304 1726 armis
1321 1667 1684 1748 llomanorum,quiquo-

71 1776 121 1817 out
150 1763 251 1817 Canen
275 1759 403 1832 oensem
427 1765 549 1832 reponis
571 1757 667 1837 (Nihil
697 1758 803 1817 Noster
820 1759 858 1818 de
900 1760 998 1818 tannis
1026 1761 1081 1818 ltuc
1100 1761 1275 1836 navigabant
1298 1769 1504 1839 sagittariorum
1531 1767 1683 1822 cohortibus

73 1855 146 1912 XXX
162 1856 278 1913 dierum
289 1855 409 1923 itinere,
419 1853 497 1929 quod
510 1865 605 1910 tamen
619 1871 679 1910 non
692 1853 777 1911 linxit
790 1853 858 1912 Pli-
901 1862 1050 1931 impositis,
1070 1857 1102 1913 in
1124 1857 1320 1931 angustiorem
1342 1877 1401 1916 orae
1419 1870 1540 1918 tractum
1556 1861 1685 1918 coerceri

72 1951 163 2029 nius).
176 1955 268 2008 Esset
278 1957 475 2026 uniusportas
483 1957 533 2023 atti
541 1963 657 2007 uocatur
666 1953 764 2019 Muza,
777 1971 858 2027 quem
899 1951 1060 2027 potuerint.
1075 1951 1159 2020 Quod
1176 1971 1245 2008 vero
1262 1951 1376 2011 Plinius
1390 1951 1426 2010 de
1442 1962 1554 2010 narium
1567 1961 1685 2011 statione

74 2052 173 2104 Indica
185 2052 327 2120 navigatio
338 2066 393 2101 non
401 2053 495 2120 petit,
511 2065 562 2102 nec
586 2053 640 2102 nisi
653 2053 720 2102 turis
732 2049 859 2104 otiorum·
899 2065 920 2100 a
930 2058 1005 2101 terra
1020 2049 1101 2119 longe
1114 2059 1220 2102 retnota
1232 2045 1338 2121 ltabet,
1359 2045 1389 2104 id
1404 2065 1462 2104 non
1482 2048 1518 2104 ad
1532 2047 1683 2122 linario,

72 2162 124 2216 qtae
136 2143 323 2199 Arabicarum
333 2153 508 2204 mercatores.
521 2145 605 2198 Itrtus
615 2142 757 2218 oppidum,
776 2149 859 2216 regia
900 2138 951 2196 sed
959 2138 994 2196 ad
1003 2137 1179 2214 Neleyodam
1189 2139 1473 2216 pertinerevidetur‚
1488 2159 1576 2218 quum
1587 2141 1684 2200 deltae

72 2248 141 2311 ejus,
161 2241 327 2314 appellatur
346 2239 487 2314 Sapphar,
511 2243 644 2315 aliudque
664 2243 747 2300 Save:
771 2243 857 2298 Indos
901 2233 1091 2294 statiunettde
1105 2233 1176 2312 quid
1188 2237 1349 2294 rectissime
1363 2235 1466 2296 Noster
1478 2237 1592 2315 prodat.
1606 2234 1685 2296 Prae·

71 2351 162 2391 autem
173 2337 331 2410 presentibus
349 2339 525 2391 unanimum
541 2349 585 2391 est
600 2339 638 2392 ab
653 2339 732 2393 Oceli
748 2340 854 2410 egmii.
901 2342 980 2388 terea
1000 2331 1037 2388 de
1052 2331 1237 2405 navigatione
1257 2349 1311 2409 per
1337 2331 1425 2390 altuni
1452 2332 1578 2410 llippalo
1600 2347 1686 2392 venio

73 2429 271 2488 llemorautur
281 2429 358 2507 apud
370 2429 531 2506 Nostrum§
542 2449 577 2485 οι
591 2429 675 2488 liuza
685 2445 713 2488 et
724 2431 858 2510 Sapphar
902 2425 1081 2484 instituenda
1094 2425 1198 2484 Noster
1210 2427 1227 2502 §
1237 2427 1274 2498 57
1289 2447 1320 2504 p.
1337 2428 1394 2502 ²9⁸
1407 2427 1525 2486 nonnisi
1538 2429 1565 2484 lv
1578 2430 1686 2508 παρόδῳ

72 2540 100 2583 et
120 2527 211 2597 Save;
225 2539 255 2582 at
267 2524 380 2583 lduaarn
398 2525 500 2582 lodica
520 2526 707 2600 navigatione
721 2546 781 2585 non
797 2527 857 2606 peti
901 2534 1039 2599 tanquam
1055 2523 1092 2580 de
1110 2541 1141 2581 re
1155 2521 1293 2582 omnibus
1307 2537 1375 2582 nota
1389 2525 1490 2602 paucis
1504 2524 1604 2584 verbis
1623 2545 1684 2584 mo·

73 2641 130 2679 non
142 2621 265 2692 dicitur,
275 2621 419 2697 longeque
432 2621 555 2698 petitum
571 2621 660 2694 soret,
675 2625 699 2680 si
713 2623 780 2700 quis
793 2635 855 2681 sta·
903 2618 1004 2676 unisse
1019 2619 1088 2678 satis
1105 2617 1202 2690 habet,
1222 2637 1275 2676 nec
1287 2619 1327 2677 ita
1338 2618 1394 2676 lroc
1410 2620 1476 2677 iacit
1492 2631 1525 2677 ut
1538 2620 1614 2697 apud
1627 2619 1686 2678 Pli-

75 2730 164 2778 tueret
181 2727 381 2795 excerptorem
391 2735 443 2774 sus
454 2716 591 2776 elicuisse
608 2737 645 2776 ex
658 2721 676 2794 s
689 2728 726 2788 at,
742 2737 771 2797 p.
786 2719 855 2791 275,
903 2715 985 2772 nium
1001 2715 1117 2790 legitur.
1138 2715 1217 2772 llicit
1230 2715 1309 2772 enim
1330 2713 1478 2791 proficisci
1494 2727 1595 2772 natrtas
1607 2727 1687 2772 anta

74 2811 122 2869 ubi
133 2813 239 2871 Ozelin
252 2821 353 2869 auctor
366 2824 466 2869 narrat
478 2829 536 2868 non
550 2823 608 2870 tam
622 2813 784 2891 emporium
799 2833 860 2872 esse
901 2809 982 2867 Cane
994 2809 1110 2868 ¹lrabias
1121 2821 1171 2867 aut
1180 2807 1217 2867 ab
1226 2815 1394 2867 Aromatum
1403 2809 1434 2866 in
1444 2807 1537 2885 Libya
1546 2827 1684 2886 promon-

76 2930 160 2986 quam
184 2908 268 2986 ὅρμον
290 2907 337 2967 sel
354 2908 473 2989 diprupa
498 2909 544 2968 sul
567 2909 675 2989 πρώτην
701 2910 859 2988 καταγωγὴν
900 2907 995 2975 torio,
1009 2918 1038 2963 et
1057 2918 1154 2981 petere
1166 2918 1216 2963 aut
1236 2904 1452 2981 lodoscythiam
1474 2916 1524 2961 attt
1541 2904 1688 2981 Barygaza

75 3012 126 3070 τοῖς
147 3004 203 3062 ἔσω
226 3002 366 3083 διαίρουσι.
392 3004 487 3063 Porro
512 3004 588 3062 nihil
613 3004 719 3063 Noster
733 3005 771 3063 de
792 3012 861 3062 turis
901 3014 952 3058 aut
968 3000 1145 3077 Limyrioeo.
1161 3034 1201 3044 -
1223 2998 1322 3074 Pergil
1343 2998 1478 3056 Plinius:
1501 3002 1582 3055 Alias
1597 3003 1691 3055 utilior

76 3098 303 3171 mercatoribus3
323 3100 442 3157 nonnisi
466 3098 614 3175 myrrham
635 3110 665 3157 et
689 3099 808 3175 lygdutn
831 3113 861 3158 et
896 3110 997 3171 portus
1016 3104 1109 3173 geratis
1126 3098 1299 3172 Il'earyndon
1314 3096 1323 3171 i
1337 3094 1416 3171 quod
1431 3108 1526 3153 ortum
1544 3094 1689 3153 videture

75 3196 236 3254 Aduliticas
249 3213 358 3252 merces
371 3216 388 3252 e
402 3194 488 3253 liuza
501 3194 652 3273 exportari
667 3194 764 3252 tradit.
784 3194 860 3253 lllud
901 3211 998 3269 graeco
1011 3192 1165 3253 Νιλκύνδων
1177 3194 1197 3269 ),
1210 3198 1256 3267 qni
1268 3204 1387 3247 uocatur
1396 3190 1523 3268 Becare(
1536 3208 1687 3269 perperam

75 3311 209 3369 sputoque:
226 3295 314 3349 Indos
322 3294 479 3367 petentt'bus
490 3294 668 3348 utilissimam
681 3304 724 3347 est
734 3292 773 3346 ab
783 3294 862 3347 Oceli
902 3301 1006 3347 contra
1027 3288 1112 3348 codd.
1137 3289 1336 3347 auctoritatem
1362 3286 1461 3343 editur
1480 3288 1625 3361 Basore).
1643 3289 1690 3342 Idi

76 3393 184 3464 egredi,
202 3392 233 3446 iu
255 3388 375 3465 Periplo
394 3388 504 3465 qttaeris
517 3388 633 3445 frustra.
651 3420 688 3430 -
707 3385 777 3443 Post
800 3386 862 3443 inec
902 3384 1044 3459 rrgnolrat
1053 3386 1192 3449 Pandion,
1210 3386 1290 3459 drage
1304 3383 1476 3456 abernporio
1487 3382 1688 3437 inrnrditerra·

76 3484 206 3542 Plinius:
219 3486 292 3540 Inde
297 3496 380 3540 ventu
387 3484 504 3559 hippalo
511 3490 645 3557 navigant
652 3484 749 3538 dicius
758 3484 792 3538 Χ
791 3486 814 3539 L
823 3486 864 3540 oei
902 3500 957 3536 neo
969 3482 1091 3536 distante
1101 3482 1222 3555 oppido,
1241 3481 1316 3553 qnod
1327 3490 1446 3535 uocatur
1456 3480 1589 3536 Modura.
1603 3479 1689 3551 Regin

75 3590 194 3654 primurn
218 3586 373 3655 caprarium
400 3583 492 3636 lttdioe
508 3582 638 3637 Musirim
657 3599 713 3636 nott
729 3592 861 3655 crpctcn·
903 3590 997 3634 autern
1011 3596 1049 3633 ee
1072 3598 1128 3652 qua
1144 3582 1230 3652 piper
1242 3578 1400 3649 monoxylis
1421 3577 1549 3631 lintribus
1564 3576 1689 3631 Becaren

76 3679 140 3732 (lunt
155 3688 275 3751 propter
293 3682 401 3731 aricinos
413 3681 534 3750 piratas,
557 3681 604 3750 qui
623 3682 752 3750 optinent
773 3679 862 3731 baum
903 3673 1061 3741 waveduns,
1080 3684 1197 3728 uocatur
1206 3673 1370 3729 Cottonara.
1379 3672 1553 3741 aneotnnia
1563 3674 1688 3741 gentiam

77 3776 190 3834 Nitrias.
224 3790 315 3846 neqtte
334 3773 541 3827 errabundam
558 3773 700 3829 mercibus.
718 3774 862 3828 Proeterra
903 3783 955 3824 aut
967 3772 1130 3843 oppidorum
1145 3775 1260 3825 nomina
1273 3771 1630 3843 apadncmincrnpriorant
1643 3784 1689 3819 ru-

79 3872 157 3941 lange
166 3888 186 3923 a
198 3880 274 3923 terra
282 3866 366 3921 obest
375 3874 485 3922 riarium
499 3872 583 3922 statio
591 3868 768 3941 liutribnsque
779 3864 862 3938 adfe-
900 3870 1052 3939 perluatur,
1074 3884 1127 3939 qno
1142 3867 1264 3941 adparet
1279 3868 1383 3919 nrutnri
1397 3866 1515 3919 tororum
1531 3872 1628 3915 status.
1645 3861 1690 3913 Ea·

77 3978 173 4017 rnntar
185 3980 284 4019 onera.
300 3962 448 4033 Regnabat
462 3962 513 4030 ibi,
524 3980 608 4036 qttnnt
616 3963 763 4036 proderent
778 3960 855 4030 isac,
903 3965 993 4019 India
1028 3968 1165 4035 navigant
1183 3980 1275 4017 tttcnse
1295 3964 1428 4035 AEgyptt'o
1452 3960 1520 4031 Tydi
1543 3962 1689 4031 incipiente

79 4060 280 4117 Calodotirras.
289 4057 323 4115 ln
338 4056 392 4126 his.
403 4056 428 4115 si
438 4058 515 4132 regis
527 4076 633 4115 nomen
643 4056 804 4134 exceperis,
816 4058 862 4114 ni·
903 4070 997 4114 nostro
1005 4054 1161 4123 Decerrdri,
1182 4068 1234 4111 aut
1245 4059 1339 4129 titique
1353 4053 1490 4111 Mechiris
1502 4056 1630 4126 AEgpptii
1643 4057 1689 4105 irt-

79 4153 117 4211 bil
142 4166 204 4224 est,
220 4152 302 4229 quod
323 4172 390 4210 cum
410 4152 509 4211 Nostri
532 4154 701 4212 narratione
724 4153 862 4229 componi
904 4166 950 4209 tra
972 4156 1045 4208 ‹lietn
1066 4162 1182 4218 natatu,
1208 4152 1282 4225 qaod
1300 4150 1335 4218 fit
1354 4154 1430 4203 inim
1449 4148 1517 4203 Idus
1534 4148 1687 4203 laterarias

79 4251 175 4326 possit.
189 4246 293 4326 Neque
315 4248 508 4325 quadraginta
534 4248 649 4307 dierum
667 4246 862 4323 navigationis
904 4262 1027 4316 nostras,·
1040 4254 1080 4304 ita
1098 4254 1200 4315 euertit,
1216 4259 1248 4303 ut
1259 4248 1354 4302 codem
1365 4264 1441 4302 anno
1453 4256 1585 4299 renrcent.
1597 4244 1690 4299 Navi-

80 4346 108 4401 in
129 4345 245 4424 periplo
267 4346 378 4403 mentio
400 4346 445 4421 lit,
470 4366 565 4423 neque
586 4345 707 4404 Muziris
731 4346 860 4423 primum
902 4356 1078 4418 garitautetn
1099 4362 1137 4398 rr
1149 4346 1327 4398 [adinventa
1348 4342 1527 4404 Volturnoet,
1547 4356 1630 4413 qutun
1648 4343 1689 4391 itt·

80 4536 115 4585 de
128 4536 191 4586 Erde
211 4535 297 4586 vteiter
315 4537 418 4599 manni
433 4536 519 4586 liabeo.
534 4540 569 4587 tn
590 4536 634 4587 des
649 4538 763 4587 ostiisste
781 4536 883 4599 libycos
896 4536 972 4596 gelren
984 4532 1048 4582 seiae
1066 4531 1226 4581 Nacltriclttea
1238 4531 1285 4581 vtel
1305 4528 1433 4587 sitdllclren
1449 4528 1485 4575 als
1501 4538 1558 4575 man
1573 4538 1615 4573 usn
1625 4524 1691 4573 dress

79 4606 187 4657 ixiteitse
198 4608 275 4656 xiste
286 4606 451 4666 remutlseie3
464 4606 513 4653 vind
533 4606 596 4655 naen
607 4606 667 4656 siler
682 4605 941 4655 wairsselteinliulrlreit
953 4608 995 4655 lut
1011 4603 1101 4653 Plinius
1118 4600 1201 4651 diesen
1214 4600 1328 4651 edundi
1341 4599 1390 4647 ilum
1404 4598 1509 4660 einerley
1529 4596 1630 4653 Qtnllea
1646 4594 1690 4654 bey

78 4674 118 4723 der
127 4677 201 4727 stelle
217 4690 262 4725 νον·
279 4681 372 4737 dogm,
386 4688 427 4724 wo
446 4689 473 4723 er
486 4675 599 4735 mironi.
617 4676 673 4727 dass
687 4677 796 4727 sanate
811 4678 886 4725 sclina
905 4676 952 4726 viel
969 4671 1090 4724 sitdticlrer
1102 4678 1244 4734 wotmnen
1257 4682 1357 4729 waren,
1371 4668 1407 4717 als
1420 4680 1477 4717 man
1487 4663 1638 4728 cevvsnntictt
1652 4663 1692 4727 die

78 4748 182 4797 adibile
198 4748 348 4797 truselsialsrt
359 4759 407 4795 rau
415 4746 498 4797 stirilta
510 4750 626 4797 miste.
638 4768 652 4791 ι

106 4817 136 4878 (Ἴ
145 4816 320 4867 saronites.
338 4816 355 4863 l.
370 4815 387 4864 l.
400 4828 424 4877 p.
439 4819 483 4865 ast
503 4832 538 4864 ει
551 4820 612 4867 tinas
631 4815 721 4867 Plinius
740 4817 876 4877 ricinum
890 4828 968 4877 gesan
984 4814 1008 4865 ia
1019 4814 1082 4863 allen
1101 4812 1228 4863 Einzeloen
1248 4810 1292 4859 mit
1303 4808 1359 4857 dem
1378 4806 1501 4857 l'vrlasser
1521 4804 1564 4853 des
1582 4802 1691 4867 t‘eriplos

78 4885 174 4946 siout,
189 4886 246 4935 dass
257 4900 285 4935 er
295 4897 366 4946 soor
376 4884 420 4933 slas
427 4886 569 4947 Gegenlbeil
582 4900 630 4936 rou
643 4886 733 4936 diuam
747 4894 808 4949 aaut,
819 4889 850 4937 ist
862 4887 902 4937 bei
912 4887 991 4937 wiser
999 4886 1206 4936 custodiretur
1219 4886 1261 4933 xrs
1273 4882 1329 4931 selu
1340 4879 1483 4941 begmilllclt.
1495 4899 1507 4923 u
1522 4876 1622 4927 cautius
1632 4876 1690 4923 Vin·

79 4961 137 5007 aust
150 4960 166 5007 l.
180 4960 197 5007 l.
209 4974 234 5023 p.
249 4966 297 5020 503
308 4958 437 5020 quiquam
451 4960 583 5010 monuisset
591 4960 656 5021 apud
668 4960 772 5010 Plinium
785 4960 873 5016 passim
884 4960 915 5009 de
924 4959 1012 5011 ladieis
1022 4957 1080 5007 iouis
1093 4960 1117 5004 et
1129 4955 1248 5004 urescilnss
1257 4952 1300 5013 legi
1315 4964 1371 5013 qtn'a
1383 4950 1456 5000 eliasu
1467 4951 1490 4998 in
1506 4947 1596 5010 periplo
1603 4959 1688 4995 occur·

80 5034 139 5087 rant,
153 5028 221 5078 addit
233 5046 241 5077 z
256 5048 270 5071 ι
283 5027 331 5077 aad
350 5026 391 5087 yet
404 5026 473 5076 ttrere
484 5026 545 5078 lsuo
555 5029 665 5079 absolute
674 5029 745 5091 prom
754 5029 806 5080 tlut
820 5031 896 5080 eitlter
910 5027 993 5090 corriel
1002 5028 1062 5077 iram
1075 5026 1117 5075 tlte
1127 5025 1205 5074 otlrer.
1219 5027 1264 5073 lint
1275 5025 1343 5071 tlrose
1353 5021 1409 5071 nitu
1418 5034 1458 5069 are
1469 5014 1612 5081 acqtrainted
1629 5014 1688 5064 witlr

81 5098 270 5160 Pliny'smctlssd
279 5099 309 5149 oi
318 5095 501 5158 aminaea,
515 5098 600 5149 would
611 5100 684 5151 mucis
696 5099 777 5151 ratlrer
788 5100 918 5163 maritale,
931 5098 959 5162 is
971 5112 1018 5149 one
1033 5098 1103 5147 tunsi
1120 5096 1148 5161 ie
1164 5109 1180 5145 a
1195 5096 1286 5157 conisi,
1305 5093 1358 5143 attat
1373 5092 1409 5143 isis
1423 5090 1475 5141 title
1488 5093 1512 5139 tv
1526 5086 1575 5137 iltis
1587 5084 1655 5135 elstra
1668 5085 1688 5134 is

82 5170 119 5219 tte
130 5170 238 5221 elcarest.
253 5188 266 5211 ν

1568 5260 1597 5315 9.
