3775 5750
109 383 139 458 (η
818 370 1016 433 rauracus.
1708 382 1724 431 ι

107 506 186 569 πόλιν
203 508 271 589 πρὸς
283 506 359 579 ἥλιον
379 504 522 585 iriquum
538 502 640 585 ἡμέρας
658 502 765 585 δρόμον.
808 498 895 565 Ἔνθα
939 510 1171 565 denuoorientem
1190 528 1280 564 rusus
1289 513 1368 565 unitis
1380 510 1433 565 diei
1442 528 1531 565 cursu.
1569 513 1733 570 lbiiosinus

108 596 216 676 εὕρομεν
239 597 267 654 όν
281 596 360 675 μυχῷ
373 616 441 661 τινος
458 591 559 653 κόλπου
579 594 659 661 νῆσον
672 590 787 671 μικρὰν,
799 589 894 649 κύκλον
940 598 1078 670 cujusdam
1098 616 1203 653 νοοαοοιι
1221 600 1334 653 insulam
1348 617 1457 671 parvam
1471 602 1617 672 reperimus
1636 603 1734 661 stadio·

108 682 221 763 ἔχωσαν
235 682 351 741 σταδίων
363 680 448 741 πίνοι·
461 679 494 752 ἣν
508 678 708 759 κατιμκίοαμιν,
723 678 826 758 Κέρνην
839 680 896 738 όνο·
941 688 1034 764 romi
1055 686 1133 760 (152)
1157 687 1275 751 ambitu;
1302 706 1382 759 quam
1409 689 1510 742 colonis
1537 690 1733 762 frequentantes

109 771 249 847 μαόαντες.
292 766 529 849 Ἐτεκμαιρόμιθα
542 766 657 839 δἀὐπλν
671 769 756 826 irrui
771 764 899 847 περίπλου
942 777 1047 830 Cernen
1062 779 1267 830 nominavimus.
1308 777 1662 853 Conjiciebamuseperiplo
1675 801 1734 837 eam

108 858 166 917 κατ’
189 856 253 915 etot
275 856 380 915 κεῖσθον
403 854 588 936 Καρχηδόνος·
611 853 688 935 έῴιιει
712 854 763 935 γὰρ
784 858 799 912 ό
819 856 901 921 πλοῦς
944 881 977 916 ex
994 862 1195 917 adversantem
1213 881 1270 917 csse
1285 865 1472 935 Carthaginis:
1488 884 1550 920 nam
1567 869 1658 922 similis
1679 880 1736 923 erat

107 1043 161 1079 esse
175 1036 283 1078 oeoseo.
307 1022 450 1077 Emendari
470 1040 534 1075 vero
552 1032 639 1094 potest
655 1040 738 1075 mauu
756 1023 898 1077 lenissima.
944 1024 974 1077 b.
987 1023 1006 1076 l.
1015 1034 1042 1077 et
1050 1024 1145 1089 scbol.,
1155 1023 1224 1078 nibil
1231 1022 1444 1078 noviafferentas.
1455 1026 1618 1098 Palaephatus
1629 1031 1734 1085 Incred.

108 1106 216 1159 Etenim
231 1107 334 1159 aDraa
344 1104 425 1157 fluvio
443 1120 528 1173 usque
542 1102 576 1155 nd
590 1120 642 1175 cap
655 1103 737 1155 Blanc
754 1102 838 1155 stadia
849 1102 902 1155 lere
946 1122 971 1155 c.
987 1104 1021 1157 33
1035 1121 1041 1156 :
1055 1104 1152 1174 Φόρκυς
1163 1098 1193 1170 ἦν
1208 1101 1271 1175 ἀνὴρ
1281 1104 1404 1174 Κερναῖας·
1416 1104 1441 1157 οἱ
1455 1105 1482 1160 δέ
1496 1106 1610 1177 Κιρναῖοι
1619 1110 1682 1163 κατὰ
1693 1109 1739 1183 γε’-’

107 1194 168 1237 sunt
181 1184 254 1253 ⁵7⁰⁰
271 1199 385 1253 quorum
398 1183 420 1235 si
434 1181 486 1236 500
497 1183 526 1234 in
539 1180 611 1235 diem
625 1198 757 1247 autumes,
771 1182 903 1253 navigatio
948 1200 988 1243 νος
1005 1182 1049 1252 μέν
1061 1180 1121 1235 elatu
1136 1180 1257 1247 Αἰθίοπες,
1274 1181 1369 1235 οίκυῦοι
1386 1184 1413 1237 δέ
1425 1188 1500 1251 νῆαον
1514 1183 1560 1251 τὴν
1577 1187 1670 1257 Κέρνην
1690 1190 1736 1253 ἔξω

107 1262 224 1318 efficitur
241 1259 347 1315 dierum
369 1260 494 1315 undecim
514 1260 555 1313 vel
575 1260 727 1315 duodecim.
750 1264 833 1330 Igitur
853 1278 904 1331 pro
947 1255 1024 1313 circus
1035 1265 1084 1313 τῶν
1100 1258 1253 1331 Ἡρακλείων
1265 1260 1374 1328 πηλῶν,
1386 1261 1508 1333 όροΰσιδέ
1522 1264 1613 1331 Διόόην
1627 1268 1681 1337 περὶ
1692 1268 1735 1321 τὸν

109 1342 131 1411 β’
140 1340 235 1411 ἡμέρας
243 1338 415 1393 scribendum
428 1350 468 1393 est
478 1338 511 1392 ιδ’
523 1338 622 1411 ἡμέρας.
637 1342 678 1392 De
690 1340 797 1393 nomine
812 1339 904 1392 insula
949 1338 1059 1391 Ἄννωνα
1070 1339 1201 1411 (uvion,
1212 1339 1315 1393 Κόνωνα
1325 1358 1379 1393 rar.
1389 1341 1460 1404 lect„
1471 1343 1575 1395 Λάδωνα
1585 1345 1655 1416 conj.
1665 1349 1736 1401 Vmi-

107 1420 290 1475 Booebartus:
306 1444 317 1465 ·
329 1420 476 1483 Cerne,ait,
485 1419 653 1473 Pboenicibus
663 1428 719 1471 erat
727 1434 823 1485 ,nm-in
832 1419 905 1471 Chen·
948 1417 1020 1471 citer.
1033 1418 1042 1491 )
1055 1420 1168 1490 ποταμόν
1179 1419 1243 1473 κατὰ
1254 1420 1411 1490 Καρχηδόνα·
1424 1419 1471 1474 elai
1488 1420 1515 1475 δὲ
1527 1424 1620 1494 ορόδρα
1634 1431 1733 1497 χρυσοῖ.

108 1516 170 1561 naa,
183 1508 355 1569 postremum
368 1496 548 1575 habitatipnis,
563 1498 591 1549 id
608 1507 648 1551 ast
659 1496 751 1549 ultim
766 1496 902 1549 habitatio.
949 1498 1084 1552 Diodorus
1092 1503 1142 1564 Ill,
1160 1500 1191 1551 51
1206 1500 1344 1569 Gorgones
1354 1501 1391 1552 ait
1405 1500 1430 1553 έν
1444 1502 1496 1563 τοῖς
1505 1503 1590 1572 πέρασι
1603 1508 1646 1570 τῆς
1657 1506 1736 1559 οἰκου-

109 1578 188 1631 Plene
207 1578 369 1629 scriberetur
385 1592 507 1641 ηκγιηκ
525 1576 655 1629 aeternae
668 1575 702 1628 ab
719 1574 825 1627 arabico
842 1590 904 1639 ‘inu
951 1578 1024 1647 μένης
1043 1578 1155 1631 insulam
1173 1578 1327 1649 Hesperiam
1347 1577 1380 1631 ad
1403 1578 1536 1633 Atlantem
1558 1580 1686 1651 babitare,
1710 1600 1738 1641 et

107 1656 233 1710 acherrel
239 1656 324 1719 nabin
335 1655 409 1726 quod
417 1655 559 1727 respondet
568 1656 673 1709 bebraeo
682 1668 770 1746 ptume
780 1655 904 1708 acharon.
949 1656 1043 1726 praelio
1052 1659 1147 1710 vixisse
1160 1657 1290 1711 Atlantion
1302 1657 1358 1719 τους
1366 1655 1411 1723 τὴν
1426 1658 1518 1729 Κέρνην
1537 1660 1691 1732 καλουμένην
1702 1666 1737 1718 οἱ.

108 1736 160 1789 Sed
177 1737 268 1808 prima
280 1733 401 1788 radicalis
419 1752 487 1806 saepta
505 1734 636 1788 excidit...
651 1736 753 1806 Nempe
767 1734 905 1787 Pboenices
951 1740 1062 1799 κοῦντας.
1075 1736 1117 1791 Cf.
1129 1740 1179 1802 ΙΙΙ,
1194 1740 1240 1801 68,
1256 1753 1281 1802 t,
1294 1736 1341 1790 ubi
1353 1736 1473 1807 Κεραύνια
1488 1738 1525 1810 (l.
1537 1738 1680 1816 Κερναῖαδ]
1692 1746 1736 1816 ὄρη

109 1815 180 1869 ultra
198 1817 306 1869 Canen
321 1814 419 1869 nullam
436 1814 569 1868 deduxere
585 1815 725 1867 coloniam.
748 1839 759 1860 ι
776 1816 833 1883 Ego
844 1832 905 1867 υοο-
951 1827 1141 1869 mernorantar.
1160 1819 1224 1870 Haec
1246 1817 1304 1870 loon
1325 1818 1416 1888 paucis
1437 1816 1566 1874 indicasse
1583 1838 1656 1875 nunc
1676 1817 1743 1878 sutis

110 1894 167 1948 lero
186 1893 616 1965 lidpvnr‚pboeuiciurn1lntaradi
633 1912 742 1959 nomen,
758 1892 791 1945 de
810 1911 865 1964 quo
879 1912 903 1946 ν.
950 1893 1046 1959 babeo,
1059 1895 1142 1949 insius
1161 1895 1195 1949 de
1212 1897 1244 1949 iis
1261 1894 1382 1948 dicturus
1397 1897 1426 1948 iu
1447 1896 1652 1966 prolegomenis.
1665 1904 1738 1957 Nihil

109 1972 508 2045 coujeetmamMorersiildp.
516 1978 560 2043 67.
568 1973 774 2044 Famaquedam
782 1972 906 2026 deCerne
952 1972 1206 2045 loeiisinestquod
1215 1973 1736 2047 Periplonostroexplanandoinserviat‚

110 2055 160 2107 ias.
184 2064 212 2107 et
232 2052 267 2107 de
289 2052 547 2122 Carthaginiensibus
566 2054 595 2105 iu
616 2053 666 2105 hac
687 2053 794 2121 regione
811 2068 906 2104 aurum
951 2054 1169 2108 nisilorteetiam
1180 2054 1738 2115 ePseudocsllistbeneArrianumillustmri

110 2150 199 2187 meroe
213 2133 440 2186 commutantibus
445 2131 501 2202 jam
512 2133 541 2184 iu
552 2130 684 2185 Herodoti
697 2130 706 2203 (
717 2132 766 2192 tv,
782 2132 830 2201 195
845 2130 905 2201 sq.)
951 2150 1027 2203 posse
1039 2144 1126 2205 puter.
1141 2134 1233 2187 Causa
1245 2151 1308 2186 rero
1325 2151 1384 2204 quae
1400 2133 1490 2186 turbas
1508 2136 1569 2187 istas
1580 2142 1737 2207 meaverint,

110 2214 234 2265 notitiam
255 2222 411 2282 pervenerat
431 2210 485 2283 (V.
509 2210 658 2281 Prolegom.
671 2209 691 2283 ).
710 2211 854 2281 Complura
873 2208 907 2263 de
951 2213 1047 2283 partim
1063 2212 1211 2283 querendae
1229 2214 1329 2265 suntin
1349 2212 1455 2265 licentia
1472 2223 1611 2284 poetarum
1630 2234 1682 2287 qun
1694 2238 1739 2272 cx-

112 2293 338 2345 oommcrciorum
353 2292 455 2343 ratione
472 2290 579 2343 exbilret
597 2291 671 2343 loom
685 2289 863 2343 memorabilis
880 2291 907 2342 in
951 2302 1042 2345 trema
1053 2293 1170 2345 Orientis
1178 2302 1205 2345 et
1213 2290 1364 2345 Occidentis
1374 2291 1455 2362 plaga
1462 2294 1565 2345 misceri
1573 2294 1667 2362 solent,
1680 2316 1740 2369 par-

111 2371 226 2442 Scylacis
241 2369 374 2440 Periplos
389 2386 449 2423 ινα.
470 2370 570 2423 liaustu
581 2379 643 2422 suut
662 2386 695 2421 ex
712 2368 908 2421 narrationibus
952 2373 1001 2424 tim
1020 2373 1048 2425 in
1067 2372 1256 2443 preoccupatis
1275 2372 1430 2425 Graecorum
1448 2370 1482 2424 de
1503 2373 1593 2445 Libyae
1613 2375 1697 2431 forma
1714 2392 1741 2433 et

113 2460 256 2503 nautarum
271 2450 311 2503 vel
324 2460 513 2514 mercatorum,
529 2450 575 2519 qui
585 2448 695 2501 latentes
713 2448 749 2500 ibi
765 2449 824 2500 auri
840 2447 907 2501 divi·
953 2447 1135 2521 magnitudine
1150 2450 1330 2522 opinionibus,
1342 2455 1440 2521 partim
1456 2452 1484 2503 in
1499 2451 1592 2505 studiis
1611 2457 1740 2526 mytholo·

114 2531 162 2583 tiss
182 2528 310 2602 prudenti
329 2538 482 2600 presserunt
503 2528 617 2581 silentio.
641 2528 733 2598 Neque
755 2526 861 2581 aliunde
875 2546 908 2581 ex
953 2546 1060 2597 goram
1073 2529 1171 2600 partim
1185 2528 1302 2599 denique
1315 2527 1377 2581 inde
1396 2528 1540 2594 fluxerunt,
1556 2530 1628 2601 quod
1645 2533 1740 2589 Africae

114 2620 176 2662 vett.
196 2609 303 2679 seriptis
316 2607 351 2661 de
373 2608 423 2662 bac
438 2626 467 2661 re
485 2606 585 2678 aliquid
605 2606 640 2661 ad
660 2624 708 2659 nos
724 2608 907 2678 transpiravit,
953 2607 1122 2661 occidentalis
1133 2609 1249 2678 cognitio
1262 2624 1306 2678 ap.
1322 2608 1428 2661 Graecos
1445 2618 1472 2660 ct
1490 2610 1624 2663 Romanos
1637 2631 1738 2685 sempor

113 2686 245 2759 nisiquod
252 2686 416 2757 Puaephatus
425 2686 530 2739 [acted
540 2704 565 2739 c.
577 2686 610 2739 33
619 2687 741 2739 Cernaeos
748 2686 840 2757 σφόδρα
848 2706 909 2756 χρυ·
953 2688 1096 2758 perexigua
1105 2698 1246 2741 nautarum
1254 2698 1488 2763 mercatorumque
1500 2688 1661 2743 Punicorum
1681 2711 1741 2745 nar-

115 2770 170 2829 ουῦς
183 2766 307 2837 appellat.
323 2768 421 2819 Praeter
431 2766 480 2819 lios
491 2766 589 2818 Cernes
598 2766 649 2817 ins.
663 2766 841 2818 meminerunt
857 2768 909 2818 Eu·
953 2768 1106 2820 ratiunculis
1115 2767 1149 2820 de
1158 2765 1287 2821 industria
1293 2766 1433 2819 obscurata
1439 2777 1488 2830 est,
1500 2784 1548 2819 nec
1556 2768 1739 2839 utplurimum

114 2846 200 2901 dorus
218 2846 258 2900 vel
274 2845 440 2910 Clitarchus,
466 2846 599 2917 Ephorus,
622 2844 792 2916 Lycophroa,
817 2846 910 2899 Erato·
953 2846 1022 2899 ultra
1043 2845 1177 2900 desertum
1198 2846 1334 2918 processit.
1361 2846 1403 2900 Sic
1423 2845 1494 2918 apud
1521 2846 1652 2918 Scylacem
1674 2851 1740 2906 ultra

115 2926 232 2988 sthenes,
254 2924 389 2996 Polybius,
409 2925 557 2989 Cornelius,
578 2923 723 2987 Diodorus,
741 2925 846 2990 Strabo,
859 2925 910 2979 Pli—
954 2927 1051 2978 Lixum
1070 2927 1183 2980 flurium
1195 2945 1270 2980 mare
1292 2927 1355 2996 algis
1376 2925 1542 2979 obstructum
1560 2945 1615 2980 non
1629 2931 1742 3001 amplius

115 3006 186 3070 nius,
211 3003 385 3068 Ptolemaeus,
413 3005 556 3073 Dionysius
582 3002 690 3074 ejusque
719 3004 908 3074 paraphrastae,
953 3015 993 3058 est
1004 3006 1159 3076 navigabile,
1171 3017 1202 3059 ut
1213 3008 1358 3060 ireoassario
1365 3005 1399 3058 ad
1409 3006 1482 3059 bunc
1491 3005 1615 3077 ponenda
1625 3021 1690 3061 esset
1705 3011 1742 3063 ul-

115 3084 230 3136 Nonnus
241 3093 269 3136 et
279 3083 442 3136 Eustatbius.
458 3083 558 3137 Plinius
567 3084 617 3148 Vl,
632 3083 665 3136 35
682 3081 733 3152 (ex
746 3081 860 3137 Eudoxo
871 3085 910 3138 vel
954 3085 1019 3138 tima
1033 3085 1075 3139 illa
1088 3087 1183 3150 Cerne,
1198 3087 1319 3155 quamvis
1332 3084 1404 3138 nulle
1417 3085 1455 3137 ibi
1479 3085 1563 3138 insula
1584 3089 1739 3158 reperiatur.

115 3163 261 3228 Clitarcbo,
282 3179 350 3232 quos
363 3163 392 3214 in
415 3172 515 3216 anteco.
536 3160 671 3234 laudavit)
693 3164 810 3213 :Contra
822 3161 910 3215 sinum
954 3163 1029 3218 Idem
1051 3165 1164 3218 raletde
1185 3165 1264 3218 simili
1283 3165 1410 3235 opinione
1425 3163 1527 3235 Polybii
1551 3175 1577 3217 ct
1597 3165 1740 3222 Ptolemaei.

114 3241 253 3295 Persicum
268 3244 344 3294 Canta
361 3240 513 3294 nominatur
527 3240 614 3294 insula
627 3239 740 3292 aduersa
753 3240 908 3312 AEtlaiopioe,
955 3245 1043 3310 Quam
1056 3245 1103 3315 qni
1115 3254 1213 3296 temere
1221 3243 1335 3314 amplexi
1352 3252 1428 3307 sunt,
1449 3243 1554 3295 Cernen
1572 3244 1684 3297 insulam
1703 3249 1741 3300 vel

15 3349 16 3360 ι
114 3323 192 3392 cnjus
202 3339 284 3394 nequae
301 3319 456 3388 magnitudo
467 3337 547 3392 neque
559 3318 754 3372 inte'rualluma
765 3319 912 3372 contutante
955 3321 1093 3375 Medorum
1104 3322 1144 3375 rel
1158 3326 1239 3374 Porto
1249 3327 1329 3374 Santo
1339 3321 1380 3374 vel
1398 3338 1480 3373 ιιυιιαι
1491 3339 1524 3374 ex
1541 3321 1658 3375 Canariis
1670 3327 1743 3377 iusu-

114 3411 232 3463 eanstat,
256 3398 396 3471 AEtltiapes
408 3409 519 3456 ,tantum
535 3398 650 3471 populos
670 3397 763 3450 tatere
782 3397 909 3451 traditur.
955 3399 996 3464 lis,
1011 3399 1128 3470 plurium
1140 3398 1245 3452 dierum
1257 3401 1609 3469 navigationeocontineate
1622 3404 1741 3469 remotis,

115 3478 242 3552 Epiruma
258 3488 404 3532 auctorest
424 3478 541 3534 aunam
559 3476 629 3531 mari
639 3475 797 3545 nauigantes
815 3476 843 3530 t'a
855 3495 912 3532 eant
955 3476 1062 3548 intelligi
1077 3477 1226 3544 voluenmt,
1239 3488 1294 3544 aut,
1309 3480 1331 3532 si
1342 3478 1394 3531 boc
1405 3478 1525 3548 ineptum
1536 3495 1592 3530 ease
1604 3494 1743 3552 perspexe-

116 3576 168 3611 noa
181 3575 265 3630 posse
283 3567 395 3630 propter
411 3555 518 3610 ardores
537 3556 609 3609 ultra
628 3555 757 3628 quasdam
778 3556 912 3611 columnas
955 3567 1029 3623 runt,
1050 3557 1084 3610 ad
1102 3569 1178 3611 terra
1195 3568 1284 3610 motus
1299 3567 1326 3612 ct
1347 3554 1534 3610 inundatiores
1554 3556 1741 3628 confugerunt,

118 3636 181 3709 (ita
194 3636 470 3710 appellanturparuoe
484 3637 577 3690 insula
588 3636 597 3709 )
607 3635 728 3708 protrahi.
746 3635 871 3706 Polybius
885 3635 912 3690 in
956 3637 1002 3707 qui
1025 3654 1041 3690 e
1059 3647 1205 3708 conspectu
1223 3636 1338 3690 insulam
1357 3635 1543 3700 absumserint,
1569 3647 1615 3689 aut
1628 3637 1743 3711 denique

116 3729 237 3770 extrem
250 3715 421 3770 Haut-itania
429 3727 521 3770 contra
533 3727 644 3768 montem
664 3715 801 3768 Atlantem
815 3733 833 3766 a
842 3727 913 3768 terra
956 3715 1055 3768 nullam
1068 3733 1186 3786 unquam
1197 3717 1326 3770 exstitisse
1333 3717 1580 3786 Cernenputarunt,
1595 3733 1654 3787 (μιαν
1666 3716 1700 3771 dc
1713 3738 1744 3774 ca

116 3799 212 3853 stadia
230 3811 290 3854 octo
302 3799 391 3852 abesse
398 3797 492 3872 prodit
514 3801 615 3853 Cornan.
632 3801 721 3870 Nepos
737 3797 867 3851 Cornelius
880 3817 913 3851 ex
957 3792 1379 3849 trudunturlabulisoooensentas
1388 3793 1744 3865 lililesiis.Singulasscnten-

117 3879 232 3935 aduam
243 3879 359 3932 maxime
370 3877 565 3946 &anaginna
573 3878 821 3950 mminentepassus
830 3877 910 3941 mille,
957 3873 1006 3926 tias
1016 3871 1150 3928 diductius
1162 3892 1305 3946 exponere,
1319 3891 1402 3945 quum
1413 3873 1522 3943 longum
1543 3885 1569 3926 ct
1589 3875 1681 3929 inutile
1699 3879 1742 3942 sit,

118 3977 170 4012 non
182 3957 340 4030 ampliorem
351 3957 467 4010 circuitu
482 3957 584 4012 duobus
598 3956 726 4010 millibus.
741 3955 815 4009 ldem
827 3957 891 4026 X,9
905 3974 910 4009 :
957 3953 1124 4023 supersedeo.
1136 3957 1147 4025 l}
1162 3973 1308 4026 -κατῳκ
1317 3954 1422 4023 ίααμεν
1432 3953 1442 4019 ]
1452 3952 1630 4024 κατῳκήααμεν
1642 3954 1742 4020 codex,

119 4041 154 4091 In
174 4038 266 4092 insula
283 4035 386 4106 Africa
407 4040 484 4090 &rna
506 4036 532 4089 in
552 4038 652 4088 Οοιαιιο
671 4033 812 4107 accipitres
830 4035 914 4090 totius
957 4048 1010 4084 cm.
1024 4033 1146 4088 Geasnen
1164 4059 1176 4080 ι
1193 4035 1301 4088 Graecus
1313 4034 1443 4104 interpres
1454 4034 1552 4085 iterum
1570 4032 1652 4086 verbo
1663 4053 1745 4086 κατοι-

120 4115 261 4187 amotio
277 4115 353 4169 humi
359 4113 526 4186 fetificant:
545 4131 590 4168 nec
607 4113 676 4168 aiibi
689 4125 841 4176 nascuntur,
858 4113 914 4168 illis
958 4111 1034 4173 νίζειν
1048 4115 1130 4167 utitur
1140 4114 1175 4166 ad
1186 4111 1359 4166 indicandum
1376 4118 1405 4164 in
1422 4112 1471 4165 bac
1489 4111 1574 4165 insuia
1584 4129 1639 4164 non
1651 4113 1744 4166 urbem

120 4195 228 4250 adsueti
239 4193 372 4262 gentibus.
387 4193 480 4266 Scylax
491 4194 509 4248 l.
523 4194 540 4248 l.
555 4195 660 4248 Cernen
672 4193 783 4246 insulam
798 4192 831 4247 ad
849 4194 914 4246 xio-
959 4208 1014 4245 esse
1025 4192 1169 4259 conditam,
1179 4191 1226 4245 sed
1237 4193 1376 4246 stationem
1386 4201 1489 4244 tantum
1502 4189 1603 4243 colonis
1619 4192 1672 4244 suis
1682 4211 1745 4244 con-

120 4293 183 4329 uem
200 4275 258 4328 sire
280 4275 378 4328 Lixum
400 4273 512 4327 fluvium
529 4275 614 4345 ponit.
639 4273 794 4327 Ptolemaeus
815 4274 865 4338 IV,
885 4277 913 4337 6,
958 4272 1086 4325 stitutum.
1102 4274 1233 4326 ιΚιυαιι.
1247 4271 1388 4345 ΙΙ-κατ·
1407 4269 1745 4342 εὖθὶνκεῖσδαιΚαρχη.

121 4373 149 4426 ρ.
163 4356 217 4425 ²9⁸
231 4352 278 4408 ed.
297 4353 444 4424 Wilbcrg„
457 4353 568 4407 eandem
584 4355 611 4406 iu
630 4353 683 4407 alto
696 4354 763 4408 mari
777 4353 887 4405 collocat
899 4369 915 4405 e
959 4352 1071 4420 δόνος]
1084 4351 1158 4405 Idem
1167 4352 1294 4422 expressit
1301 4350 1438 4405 Cornelius
1448 4368 1491 4421 ap.
1502 4349 1570 4403 Plio.
1579 4351 1628 4413 VI,
1641 4350 1673 4402 35
1686 4369 1744 4402 ver-

122 4435 232 4503 regioue
244 4430 301 4484 feru
313 4431 426 4485 Atlantis
441 4431 547 4502 majoris
561 4433 616 4484 sive
632 4449 684 4502 cap
696 4434 768 4484 Gerr.
782 4431 877 4485 Strabo
890 4433 913 4496 1,
959 4430 1000 4484 bis
1014 4449 1066 4486 :aa
1076 4431 1187 4484 aduerso
1198 4431 1312 4484 maxime
1322 4429 1500 4497 Carthaginis.
1510 4427 1552 4482 Ad
1561 4426 1672 4480 eandem
1688 4448 1743 4482 rem

122 4529 151 4582 p.
164 4517 212 4580 47,
228 4509 264 4564 da
273 4511 447 4564 Fratostbeue
465 4510 574 4581 loquens
588 4528 594 4564 :
606 4509 753 4563 Πεπίατευκε
764 4509 790 4562 δὲ
807 4511 848 4563 καὶ
861 4509 916 4580 περὶ
959 4511 1026 4564 alius
1038 4512 1152 4582 pertinet
1168 4511 1246 4565 Plinii
1255 4511 1330 4564 locus
1343 4508 1352 4581 (
1364 4510 1401 4575 V,
1419 4526 1443 4574 r,
1462 4525 1474 4560 1
1489 4507 1510 4582 ),
1525 4507 1572 4559 ubi
1584 4507 1640 4559 baec
1654 4525 1660 4559 ε
1675 4511 1745 4561 Prte-

123 4595 173 4642 τῶν
186 4587 342 4656 ἔξωαπηλῶν
356 4587 509 4660 Ἡρακλείων
522 4589 627 4650 πολλοῖς
640 4589 771 4660 putasset,
784 4589 876 4658 Κέρνην
888 4607 915 4641 τε
959 4589 1081 4644 suliulam
1095 4590 1263 4643 lancttrbem
1284 4589 1342 4661 (sc.
1360 4589 1468 4652 Lixum,
1488 4584 1645 4639 hodiernam
1664 4590 1746 4639 Lacru-

124 4673 201 4736 νῆοον
216 4668 260 4722 καὶ
279 4667 371 4731 ἀλλους
388 4669 478 4730 τόπους
497 4669 629 4740 ὀνομάζων
650 4669 706 4729 τους
726 4669 841 4739 μηδαμοῦ
862 4668 916 4720 νυνὶ
960 4669 1023 4743 ele)
1052 4672 1223 4742 majoremque
1248 4667 1412 4734 Cartbagine,
1428 4677 1556 4739 praterea
1580 4683 1613 4718 ea
1637 4665 1746 4719 aduerso

124 4748 305 4818 δεικνυμένυυς.
320 4749 479 4820 Lyeopbrou
496 4750 569 4802 Cass.
589 4753 620 4802 16
636 4747 766 4802 ιΤιθωνὸν
781 4747 806 4801 έν
820 4748 916 4820 κοὶτῃοι
960 4751 1017 4818 ajars
1029 4748 1111 4802 sitam
1122 4761 1148 4801 et
1157 4767 1240 4822 prope
1255 4748 1376 4801 immenso
1389 4757 1476 4798 tractu
1487 4745 1522 4798 ab
1537 4744 1625 4812 Tingi,
1641 4763 1746 4816 quaque

125 4831 169 4894 τῆς
179 4826 478 4898 Κέρνηςπέλαςλιποΰαα.
491 4829 602 4882 Nonnus
611 4830 722 4898 Dionys.
732 4829 833 4892 XXIII,
848 4843 914 4896 190:
960 4827 1017 4881 alia
1039 4827 1169 4882 Cornelius
1189 4831 1277 4898 Nepos
1294 4824 1450 4878 auidis-sime
1463 4823 1585 4878 emdulit.
1604 4825 1678 4876 Patet
1694 4823 1747 4874 Pli-

129 4905 202 4978 ’λμρί
217 4907 245 4960 δέ
262 4906 340 4980 Κέρνη
359 4907 487 4969 κυκλώσας
500 4907 576 4979 πτερὰ
594 4911 672 4978 κοῦροι
692 4906 778 4977 βολαῖς
796 4905 918 4968 όντώπιος
961 4907 1035 4960 nium
1045 4907 1211 4959 festinantem
1225 4904 1327 4957 diversa
1338 4902 1488 4957 contudisse
1500 4920 1506 4956 :
1518 4921 1578 4956 nam
1590 4904 1672 4955 Lixus
1683 4899 1745 4952 urbs

129 4984 206 5048 Ἠαΰς
215 4987 306 5040 ἵπτατο
317 4988 442 5058 μειδιόων.
461 4989 568 5041 Trauos
577 4987 610 5040 ad
624 4989 686 5058 Lyc.
699 4987 716 5039 Ι.
731 4987 747 5039 Ι.
762 5003 768 5039 :
783 4985 917 5057 Κέρνην]
960 4987 1064 5056 alingi
1085 4984 1164 5038 distat
1174 4985 1227 5038 diei
1240 4983 1294 5038 lere
1309 4985 1412 5047 itinere,
1428 5001 1482 5035 non
1496 4993 1584 5034 tractu
1598 4997 1681 5052 prope
1698 4979 1746 5031 im·

126 5065 181 5131 ητις
194 5065 247 5121 tart
257 5069 330 5134 νῆσος
337 5068 474 5131 ὠκεανῖτις.
488 5070 631 5140 Dionysius
638 5069 739 5137 Perieg.
752 5083 804 5138 219
816 5085 822 5120 :
835 5065 879 5120 Ἐν
888 5067 916 5120 δέ
960 5084 1062 5129 menam·
1072 5082 1157 5135 neque
1166 5063 1200 5116 dc
1209 5063 1257 5117 bac
1267 5064 1333 5116 urbe
1341 5063 1479 5116 Cornelius
1490 5061 1568 5125 dixit,
1578 5057 1622 5111 sed
1633 5057 1667 5112 dc
1678 5060 1746 5111 Lixo
1761 5110 1763 5117 ,

128 5145 234 5215 μυχοῖσι
244 5144 360 5200 Bomos?
370 5145 481 5218 ἠπείροιο
492 5149 640 5202 ratiarnam
657 5145 785 5214 Αἰθιοπῆες
799 5147 868 5219 Αὐτῷ
878 5146 915 5200 ἔπ’
960 5147 1042 5199 lluvio
1060 5143 1224 5198 meridionali
1237 5155 1263 5198 et
1276 5144 1310 5197 de
1328 5145 1413 5196 (ierne
1432 5142 1526 5203 insula,
1539 5157 1619 5210 quam
1631 5138 1670 5190 val
1684 5155 1745 5191 cnm

130 5223 245 5296 Ὠκεανῷ
260 5227 371 5296 πυμάτης
384 5227 449 5297 παρὰ
465 5228 557 5298 τέμπεα
577 5225 673 5297 Κέρνης.
690 5227 730 5279 Ci.
747 5227 865 5280 Eustatlt.
882 5225 914 5280 ad
961 5228 1092 5279 llannnne
1113 5234 1203 5277 nostro
1220 5225 1307 5277 statim
1328 5234 1387 5295 post
1403 5223 1500 5276 Lixum
1519 5219 1744 5280 cornmemorarit,
