3775 5750
590 358 641 419 ΒΕ
661 360 969 424 aestuaremus
990 363 1132 425 ctttnto.
1591 391 1669 437 aaut

55 502 129 558 niam
145 515 175 561 et
200 502 351 561 Persidem
374 504 521 563 norimus.
542 505 686 565 lndiciutn
702 509 745 567 rei
766 510 841 567 inest
890 523 957 569 ctes.
976 508 1055 567 Nihil
1071 510 1126 568 nisi
1139 510 1193 567 hoc
1208 512 1432 587 Agatharchides
1445 514 1562 589 agit,‘ut
1573 519 1670 577 insoli-

55 601 201 677 exrerptis
211 621 241 678 p.
253 602 347 676 139,4
360 620 404 677 sq.
412 621 477 659 cum
485 601 576 661 Plinii
587 605 753 663 narratione
763 603 840 678 lll,a
888 619 918 663 ta
932 620 961 664 et
975 606 1121 665 mirabilia
1137 620 1271 684 exponat.
1288 610 1401 668 Πολλῶν
1423 610 1602 692 ὑπαρχόντων,
1620 616 1670 683 ait,

55 711 90 755 it.
104 718 136 771 p.
155 697 212 753 135
228 696 535 775 nobleomparandis.
888 698 1041 775 θαυμασίων
1060 700 1105 757 xol
1126 700 1215 779 πόρρω
1231 701 1357 778 κειμένων
1375 703 1427 763 ἀπὸ
1449 709 1496 776 τῆς
1516 704 1670 783 συνηθείας,

91 813 141 866 97.
155 791 210 849 llis
223 791 377 849 defunctus
391 791 586 867 (Διεληλυθόττς
598 793 626 851 dd
642 793 700 873 περὶ
712 797 763 851 τῶν
775 818 843 875 παρ-
888 790 980 859 αὗτοὺς
1005 790 1181 869 ἐπελεύσομαι
1202 796 1252 851 τῶν
1267 793 1354 852 τόπων
1371 794 1430 863 τοὺς
1449 796 1554 872 μνήμης
1577 796 1670 865 ἀξίους.

56 886 194 942 ωιούντων
221 883 270 954 τὴν
297 884 350 943 ἀπὸ
380 886 552 967 Βαὸυλωνίας
576 885 624 953 ἕως
651 893 695 946 τοῦ
721 886 842 967 ’λραὸίου
888 887 1088 945 Demensuris
1101 900 1194 945 nmen
1204 889 1286 947 sinus
1297 890 1672 969 nonnullapraemittuntur.

57 982 170 1049 ιολτου,
198 984 269 1040 Exc.
289 981 406 1057 Diod.§
428 982 465 1037 50
483 1002 512 1059 p.
535 980 627 1060 141),
645 982 681 1041 ad
702 980 842 1059 Libycam
889 982 1114 1060 longitudinem
1125 983 1189 1061 ejus
1198 984 1497 1045 docemnrexcurrere
1507 988 1551 1044 ἐπὶ
1561 988 1673 1055 πολλοὺς

58 1075 231 1150 AEtlriopiam
246 1088 348 1133 auctor
360 1075 476 1134 rediens
491 1077 616 1155 populos
627 1076 692 1153 ejus
707 1078 843 1135 mediter·
888 1077 959 1135 πάνυ
972 1078 1092 1145 σταδίους
1106 1080 1132 1154 (S
1145 1077 1210 1157 79),
1222 1079 1403 1138 latitudinem
1412 1082 1563 1140 minimam
1574 1096 1602 1140 et
1616 1102 1674 1141 me·

59 1192 155 1229 raneos
175 1171 328 1229 describit
350 1170 553 1251 llbiznphagos
570 1173 717 1231 Astaborae
732 1174 843 1231 accolas
888 1172 966 1230 diam
990 1186 1018 1231 et
1043 1173 1197 1231 maximam
1217 1174 1317 1252 paullo
1332 1176 1469 1233 disertius
1491 1177 1591 1250 tradit3
1615 1198 1673 1255 qua

59 1269 83 1343 ,g
104 1267 150 1342 50]
174 1268 331 1345 excipiunt
356 1267 523 1347 llylopbagi
548 1281 576 1326 et
604 1268 843 1348 Spermatopbagi
889 1268 1042 1325 occasione
1053 1268 1215 1326 Panormus
1225 1268 1454 1328 etblariainsula
1465 1286 1667 1341 memorantur,

59 1364 160 1435 {351‘13
178 1364 316 1439 proxime
327 1378 489 1441 sequuntur
504 1362 663 1422 Venatores
675 1365 844 1441 (Gymnetes
889 1382 1014 1439 quorum
1035 1365 1144 1421 mentio
1158 1364 1189 1420 in
1204 1364 1297 1441 ipsius
1320 1382 1379 1422 orae
1397 1364 1594 1447 descriptione
1612 1386 1671 1424 non

59 1459 234 1517 artemidori
250 1459 258 1537 )
276 1462 303 1535 (S
314 1460 375 1537 52),
387 1480 414 1529 ¹a
434 1460 543 1537 quibus
556 1460 643 1536 longe
657 1461 693 1517 ad
709 1481 843 1519 occasum
889 1458 1025 1517 recurrit.
1035 1456 1146 1515 Deinde
1157 1455 1194 1514 ab
1208 1459 1334 1515 Arsinoe
1346 1460 1534 1536 proficiscens
1543 1462 1575 1518 in
1587 1462 1672 1519 occi-

58 1558 157 1612 remoti
194 1555 451 1633 Elephantomachi
490 1558 554 1614 sive
592 1555 841 1633 Elephantophagi
888 1552 998 1611 dentali
1011 1552 1092 1611 sinus
1105 1572 1156 1611 ora
1168 1568 1308 1613 memorat
1323 1554 1449 1615 thermas
1460 1576 1541 1635 aquae
1554 1576 1670 1630 amarae,

32 1667 35 1670 ·
59 1654 82 1724 (ᾖ
94 1654 153 1725 58),
166 1666 196 1708 et
219 1650 258 1709 ab
280 1652 328 1709 his
352 1672 454 1711 versus
478 1672 611 1710 occasum
631 1652 722 1724 Simi,
741 1672 843 1711 versus
888 1648 982 1707 lacum
994 1649 1139 1726 quendam
1160 1664 1188 1708 et
1211 1652 1270 1710 Nili
1293 1656 1387 1711 rivum
1402 1674 1457 1731 per
1469 1656 1626 1732 spongiosa
1641 1656 1671 1712 in

59 1749 207 1806 meridiem
226 1749 447 1829 Struthiophagi
460 1750 488 1829 [§
502 1750 567 1825 57l3
588 1750 704 1808 modico
717 1749 787 1807 binc
801 1752 843 1807 in·
888 1766 967 1803 mare
982 1758 1183 1807 transcurrens
1198 1750 1225 1825 (s
1249 1750 1317 1824 80l3
1340 1750 1473 1827 sequitur
1495 1770 1578 1809 mons
1598 1752 1673 1809 mire

60 1845 179 1900 teri-allo
204 1858 364 1903 occurrunt
390 1845 586 1923 hcridophagi
611 1846 637 1923 (5
652 1846 718 1920 58),
735 1843 843 1921 quibus
888 1840 1083 1919 rubicundus,
1099 1854 1247 1902 tortuosus
1266 1844 1352 1923 Myos
1366 1864 1417 1903 seu
1430 1844 1551 1903 Veneris
1569 1858 1672 1924 portus

57 1941 236 1998 contermina
254 1942 337 2017 regio
359 1940 398 1998 ob
415 1942 605 2020 scorpionum
624 1941 840 1999 multitudinem
888 1938 965 2017 apud
987 1958 1113 2017 eumque
1133 1940 1279 1999 olivarum
1303 1954 1331 2000 ct
1348 1943 1554 2019 meleagridum
1570 1943 1671 2001 insulae

58 2034 280 2114 desertals59};
296 2038 435 2114 postremi
448 2035 564 2095 demum
575 2055 677 2095 versus
689 2037 842 2094 meridiem
888 2034 913 2113 [S
928 2034 993 2111 8ι);
1009 2046 1070 2092 tum
1085 2036 1239 2112 peninsula
1251 2054 1303 2113 per
1317 2056 1403 2114 quam
1426 2056 1515 2095 naves
1538 2037 1672 2095 transdu-

57 2133 219 2209 l'animulgi
231 2131 366 2189 habitant
375 2132 404 2212 (§
419 2130 478 2210 60).
496 2133 569 2191 lnde
581 2133 710 2191 narratio
720 2152 842 2191 conver·
887 2142 1005 2201 cuntur,
1021 2142 1049 2187 et
1066 2129 1148 2187 sinus
1164 2129 1335 2188 lmmnndus
1349 2144 1377 2187 et
1388 2130 1537 2208 Ophiodes
1550 2130 1611 2189 sire
1628 2144 1670 2189 to·

58 2229 124 2285 titur
151 2226 188 2284 ad
217 2226 415 2305 Troglodytas
442 2228 598 2300 nomades,
631 2247 757 2305 quorum
781 2228 843 2285 vita
887 2226 981 2303 pazdn
1000 2225 1106 2298 insula,
1121 2224 1158 2283 de
1181 2244 1238 2303 qua
1264 2225 1395 2284 sabulosa
1409 2226 1541 2303 quaedam
1563 2240 1670 2284 narrat.

57 2322 843 2403 ctinstitutaexplicantnrsusius{61sqq.).-l)einde
888 2319 960 2377 lude
980 2332 1047 2399 post
1071 2318 1356 2399 lchthyophagorum
1376 2332 1405 2377 et
1424 2319 1670 2397 Troglodytarum

57 2434 209 2497 potquam
235 2422 351 2479 dixerat
371 2440 424 2479 sua
446 2421 500 2479 hac
523 2441 615 2501 opera
639 2422 842 2481 meridionales
887 2436 981 2489 oram,
998 2437 1062 2493 quae
1075 2418 1112 2474 ad
1130 2416 1241 2475 Sotiras
1262 2436 1355 2495 usque
1371 2430 1487 2494 portum
1504 2418 1630 2494 pertinet
1643 2430 1671 2475 et

57 2527 140 2572 terrae
166 2515 341 2574 habitabilis
361 2516 496 2591 regiones
518 2515 655 2574 similiter
675 2517 842 2595 explanatas
887 2510 958 2570 hinc
978 2510 1114 2569 Arabiam
1125 2530 1227 2570 versus
1242 2511 1383 2580 deflectit,
1400 2530 1479 2568 mare
1497 2511 1624 2588 palustre
1641 2525 1669 2569 et

57 2631 115 2669 esse
129 2626 216 2691 atque
230 2614 373 2670 orientem
386 2612 538 2671 llecataeus
551 2612 778 2686 etBasilis‚nlii
794 2633 842 2671 re.
887 2606 986 2664 viride
1000 2626 1171 2681 magnorum
1192 2624 1277 2663 causa
1292 2606 1406 2663 exsistit
1425 2604 1670 2676 infortuniorum,

57 2706 150 2783 liquas
164 2706 248 2765 orbis
265 2708 365 2785 plagas
379 2708 468 2785 primi
488 2708 652 2765 accuratius
671 2707 842 2786 descripsis·
888 2701 997 2780 quibus
1012 2702 1167 2781 pingendis
1181 2716 1282 2760 auctor
1295 2702 1477 2761 immoratur.
1494 2702 1625 2760 Ceterum
1635 2702 1673 2759 do

57 2816 127 2869 sent,
136 2801 458 2880 generalioraquaedam
466 2801 629 2878 subjungit,
642 2815 674 2859 ut
684 2800 720 2859 de
730 2822 842 2859 sunnna
887 2798 1148 2878 paraplousquead
1156 2797 1418 2856 Taurummontem
1427 2810 1455 2855 et
1463 2796 1672 2854 Ptolemaidem

59 2899 206 2973 regionum
216 2896 381 2957 borealium
393 2910 422 2955 et
430 2898 601 2955 australium
611 2897 789 2969 diversitate,
800 2911 842 2956 et·
888 2898 979 2955 lector
1001 2897 1145 2971 relegatur
1161 2896 1196 2954 ad
1218 2896 1310 2954 libros
1330 2897 1547 2967 antecedentes,
1567 2893 1674 2954 deinde

58 2999 80 3052 sl
89 3017 130 3052 eae
139 3017 199 3053 non
211 2997 253 3054 ita
264 2995 378 3072 magnis
389 2993 551 3053 intervallis
562 3007 840 3074 separentur,quum
887 2993 990 3074 paucis
1001 3006 1134 3053 monetur
1144 2991 1180 3051 de
1188 2991 1357 3052 umbrarum
1371 2993 1483 3050 ratione
1495 3011 1561 3068 quaa
1576 2990 1672 3048 Ptole·

58 3092 215 3150 allaeotide
230 3093 337 3170 palude
359 3093 395 3150 ad
418 3093 595 3172 IEthiopiam
617 3094 673 3150 iter
685 3102 722 3161 π(
738 3093 842 3152 diebus
889 3093 984 3152 maide
996 3093 1033 3150 sit
1041 3105 1170 3170 tempore
1183 3091 1311 3150 solstitii.
1324 3091 1491 3168 Sequuntur
1501 3087 1595 3165 campi
1606 3087 1672 3144 irri-

58 3189 158 3244 confici
180 3189 285 3265 possit.
308 3187 384 3245 Tum
411 3187 521 3245 bestias
545 3186 701 3259 describit,
727 3189 839 3258 leones,
888 3191 950 3265 gui,
968 3189 1131 3266 elephantis
1142 3186 1376 3264 aliisquebestiis
1393 3184 1575 3262 frequentati,
1588 3183 1672 3260 plan-

60 3286 316 3359 rnyrnrecoleones,
333 3283 479 3362 pardales,
498 3283 708 3355 rhinocerotes,
722 3285 843 3343 camelo-
887 3286 984 3361 tisque
999 3286 1059 3343 suis
1080 3283 1299 3354 memorabiles3
1321 3282 1426 3339 deinde
1449 3281 1552 3338 lretum
1567 3279 1673 3336 insulis

61 3381 196 3454 pardales,
207 3381 358 3458 sphinges,
372 3379 612 3457 cynoscephalos,
626 3399 724 3458 cepos,
743 3393 841 3439 tauros
887 3379 1076 3448 distinctum,
1102 3376 1256 3454 inquibus
1274 3395 1344 3433 aves
1361 3374 1457 3452 specie
1475 3371 1669 3444 admirandae3

60 3477 239 3547 carnivoros,
254 3488 405 3551 serpentes
418 3475 446 3551 ‘S
460 3476 574 3554 6⁸·77l·
888 3485 948 3531 tum
959 3493 1039 3532 mare
1050 3471 1312 3551 profundissimum
1325 3481 1385 3527 cete
1395 3469 1447 3526 alit
1458 3467 1598 3543 ingentia,
1610 3486 1670 3523 non

95 3574 141 3646 98.
158 3572 257 3630 lnhac
270 3571 342 3629 libri
353 3585 435 3648 parte
445 3592 510 3649 quae
519 3572 555 3630 de
569 3571 704 3647 gentibus
715 3571 843 3650 prodon-
888 3570 1009 3628 molesta
1027 3583 1136 3640 nmen,
1157 3568 1215 3626 nisi
1230 3567 1303 3625 forte
1317 3567 1348 3625 in
1369 3563 1449 3624 dorsi
1464 3565 1569 3643 pinnas
1587 3564 1672 3622 navis

61 3679 114 3735 tur,
132 3667 221 3744 pretii
237 3679 306 3723 sunt
323 3667 460 3737 maximi,
472 3685 567 3744 neque
587 3667 711 3724 meliora
724 3667 842 3726 aliunde
887 3667 1025 3724 incurrat.
1043 3664 1189 3724 Claudnnt
1208 3677 1365 3722 extremam
1386 3661 1469 3720 sinus
1482 3660 1671 3738 Troglodyti·

61 3774 221 3837 suppetunt.
238 3760 381 3829 Quamvis
396 3761 478 3818 color
490 3761 666 3820 narrationis
678 3762 842 3820 rhetoricus
888 3784 950 3822 cam
965 3783 1037 3820 aerae
1053 3761 1187 3821 Psebaeae
1200 3761 1272 3837 (84).
1286 3759 1431 3818 Hactenus
1444 3757 1481 3816 de
1492 3758 1581 3816 latere
1592 3761 1673 3815 sinus

62 3857 196 3914 nonnulla
214 3855 422 3928 offuscavetit,
441 3858 472 3914 in
495 3861 662 3916 universum
687 3871 782 3916 tamen
805 3859 840 3916 ad
888 3858 1073 3928 occidentali,
1095 3857 1174 3935 quod
1195 3868 1275 3913 tanto
1296 3852 1488 3933 paucioribus
1507 3867 1608 3911 auctor
1621 3853 1670 3910 de-

62 3952 186 4010 rividnm
209 3953 346 4030 pingitur
372 3953 548 4030 populorum
579 3954 708 4040 istorum·
731 3954 841 4030 imago,
887 3952 1001 4023 scribit,
1017 3971 1106 4028 quum
1128 3951 1257 4029 plurima
1270 3949 1307 4008 de
1321 3969 1356 4008 eo
1372 3948 1432 4026 jam
1448 3960 1620 4026 exposuerat
1640 3947 1671 4005 in

62 4065 178 4120 quornm
192 4051 262 4126 vitae
286 4047 363 4104 ratio
385 4046 513 4105 adhunc
532 4068 626 4126 usque
642 4048 719 4106 diem
741 4050 840 4107 eadem
887 4045 1225 4105 librisantecedentibus.
1236 4043 1382 4101 Uberiora
1390 4057 1418 4101 et
1426 4043 1604 4100 accuratiora
1612 4053 1671 4098 tra·
1759 4108 1762 4117 1

65 4142 117 4199 lere
130 4144 301 4222 permansit.
318 4145 356 4201 At
367 4143 500 4204 dolemus
509 4164 603 4221 neque
613 4147 701 4204 situm
712 4147 839 4222 singula·
887 4142 1071 4201 ditdelatere
1081 4139 1216 4208 Arabico,
1231 4139 1262 4196 in
1271 4153 1383 4216 quo,ut
1390 4138 1484 4215 capita
1492 4135 1671 4195 narrationis
1765 4128 1768 4140 '

64 4256 119 4293 mm
137 4242 289 4315 regionum
305 4240 434 4297 exactius
454 4239 587 4316 definiri,
601 4259 696 4317 neque
709 4242 839 4315 gentium
887 4237 979 4294 verbo
1001 4236 1142 4308 indicem,
1168 4247 1366 4294 memorantur
1394 4233 1570 4311 Neptunium
1596 4229 1667 4308 (85),

64 4333 152 4392 allerri
172 4336 295 4395 nomina
313 4336 448 4412 propria,
464 4335 623 4412 exquibus
637 4355 728 4395 unum
742 4336 839 4412 lllega-
886 4333 1044 4412 palmetum
1060 4333 1132 4408 (86),
1150 4331 1312 4390 Phocarum
1327 4328 1424 4390 insula
1437 4339 1669 4406 praetensumqne

64 4427 221 4490 barensium
235 4432 484 4508 Troglodytarum
500 4431 531 4488 in
541 4431 693 4510 Excerptis
707 4447 838 4512 apparet.
886 4432 913 4487 ei
926 4427 1158 4507 promontorium
1172 4425 1243 4506 (87),
1257 4426 1403 4484 lllaranitaa
1415 4421 1667 4482 aGarindanensi·

65 4524 192 4598 lgnorare
212 4548 246 4586 ea
258 4549 319 4587 non
336 4528 432 4606 potuit
443 4527 680 4602 Agatharchides,
693 4548 784 4606 quum
796 4543 840 4587 sat
885 4525 941 4584 bus
956 4525 1058 4596 deleti,
1077 4521 1219 4582 Laeanites
1232 4541 1361 4580 recessus
1381 4533 1409 4578 et
1425 4518 1551 4576 Nabataei
1567 4519 1670 4576 accole

66 4621 257 4682 multaeorum
270 4644 306 4681 ex
322 4622 543 4700 antiquioribus
562 4621 649 4682 libris
666 4623 780 4682 Plinius
789 4624 839 4683 de·
886 4625 956 4699 (88),
971 4621 1039 4680 dein
1049 4620 1293 4698 Bythemanenses
1307 4617 1381 4693 (89),
1398 4628 1459 4673 tum
1477 4615 1668 4673 llatmiaoma·

65 4723 219 4793 promserit.
886 4735 990 4775 nenses
1012 4716 1048 4773 ad
1068 4717 1163 4774 sinum
1184 4711 1359 4791 profundum
1391 4711 1462 4790 (9ο),
1490 4724 1548 4770 tres
1569 4711 1670 4768 insulae

101 4817 378 4895 99.Seqnitursinus
388 4815 504 4876 Arabici
515 4816 837 4895 descriptiosecundum
887 4813 958 4893 (91),
973 4813 1043 4870 litus
1064 4829 1198 4870 saxosum
1214 4809 1294 4866 mille
1315 4809 1474 4867 stadiorum
1492 4807 1568 4888 (92),
1586 4807 1667 4882 adja-

65 4913 649 4990 commentariosregiosiidemquetestium
657 4911 837 4969 oculatorum
886 4929 954 4968 cens
969 4928 1052 4966 mons
1073 4906 1234 4976 mirabilis;
1258 4903 1308 4962 alti
1330 4904 1439 4962 cumuli
1457 4901 1666 4975 atenaenigrae3
1721 4905 1726 4914 “

68 5074 71 5078 Α
86 5001 118 5058 :h
128 5006 170 5079 μὲν
183 5010 212 5065 ἐκ
225 5011 277 5064 τῶν
292 5009 320 5064 ἐν
332 5005 512 5086 Ἀλεξανδρεία)
525 5009 668 5086 βασιλικῶν
679 5004 837 5081 ὑπομνημοί·
884 5004 1063 5063 Charmutlta
1077 5001 1229 5080 peninsula
1239 5013 1267 5058 et
1276 5013 1377 5076 portus
1389 4999 1506 5058 cothoni
1524 4997 1669 5071 Carthagi·-

66 5120 114 5152 των
127 5099 291 5180 ἐξειληρότις,
304 5100 338 5158 τὰ
353 5100 380 5157 δὲ
392 5100 465 5180 παρὰ
484 5104 535 5158 τῶν
546 5102 685 5158 αὐτοπτῶν
697 5100 837 5174 πεπυσμέ-
886 5103 1029 5160 niensium
1043 5099 1166 5168 similis3
1179 5110 1291 5155 montes
1312 5097 1443 5173 quinque
1457 5092 1666 5170 pyramidales3

66 5214 101 5249 vn
113 5196 169 5270 §79
181 5199 329 5274 lliodor,).
341 5199 396 5256 Sed
408 5218 444 5255 nc
454 5200 563 5272 justum
572 5199 719 5276 periplum
735 5216 837 5277 cxspc-
883 5198 965 5256 sinus
975 5193 1116 5254 rotundus
1131 5212 1195 5251 cum
1211 5191 1412 5251 lanisdeorum
1430 5187 1502 5267 (93);
1518 5189 1586 5246 litus
1600 5187 1667 5245 irri-
