3775 5750
299 441 727 594 annosos
1071 347 1562 634 lflluuoms

153 739 558 825 ΚΑΡΧΗΔΟΝΙΩΝ
584 689 849 828 ululatur
988 751 1505 838 CARTHAGINIENSlUlll
1534 761 1685 842 lllIGlS

321 981 688 1078 ΠΕΡΙΠΛΟΥΣ
1180 983 1492 1090 PERIPLUS

105 1213 172 1264 ταῖν
196 1217 279 1268 ΥΠΕΡ
306 1218 364 1268 rat:
389 1218 574 1270 ΗΡΑΚΔΕΟΥΣ
608 1199 731 1271 arnust:
756 1218 895 1272 marsus
942 1231 1055 1274 aaron
1078 1231 1150 1286 oum
1168 1232 1248 1274 sunr
1268 1233 1371 1277 naras
1387 1236 1728 1285 naacuarscoauuuas

359 1306 422 1355 tut:
441 1306 501 1355 rut:
524 1307 647 1371 umor,
1093 1320 1277 1364 srsrcanuu
1291 1323 1399 1366 ranan
1415 1325 1573 1382 aanrruu,

120 1493 149 1541 ὃν
161 1494 203 1541 sei
217 1493 327 1552 &siluam
337 1493 362 1542 ἐν
376 1497 412 1558 τι]
422 1498 465 1544 τοῦ
476 1495 568 1559 Κρόνον
579 1497 678 1560 τεμένει,
692 1497 806 1555 lubitu*
817 1495 880 1546 τάδε·
939 1507 1007 1558 quun
1022 1499 1089 1544 etlam
1104 1497 1217 1545 dedicaut
1230 1501 1254 1544 tn
1265 1501 1355 1546 saturni
1366 1501 1477 1558 dolabro,
1487 1503 1628 1552 eudbcntem
1643 1508 1724 1554 hucne.

454 1685 547 1704 ὁ*
1294 1687 1374 1707 ἐκ

144 1850 241 1921 Ἔδοξε
259 1851 450 1933 Καρχηδονίοις
469 1847 589 1914 Ἄννωνα
609 1851 684 1912 πλεῖν
707 1850 758 1920 ἔξω
781 1853 893 1926 Στηλῶν
974 1858 1075 1914 Placuit
1087 1857 1344 1928 Carthaginiensibus
1355 1853 1513 1914 Hannonem
1521 1859 1724 1932 navigareextra

103 1940 272 2022 Ἡρακλείων
292 1941 339 2002 καί
358 1941 448 2010 πόλεις
465 1941 560 2011 κτίζειν
585 1941 789 2022 Λιὸυροινίιυυν.
835 1942 891 2004 Καί
938 1947 1082 2016 Columnas
1093 1946 1233 2001 Herculeas
1242 1946 1479 2002 cturbesconderc
1494 1947 1723 2022 Libyphoenicum.

105 2029 218 2088 ἔπλευσε
240 2029 458 2110 πεντηκοντόρους
480 2029 606 2100 ἐξήκοντα
625 2029 713 2107 ἅγιον,
727 2029 773 2088 καί
794 2032 892 2101 πλῆθος
938 2034 1075 2102 Navigavit
1093 2033 1173 2102 igitur
1188 2050 1266 2086 naves
1279 2033 1494 2104 quinquagenum
1517 2052 1652 2090 remorum
1673 2037 1723 2091 du·

105 2119 208 2196 ἀνδρῶν
220 2117 266 2176 καὶ
282 2121 411 2195 γυναικῶν
428 2119 465 2184 τίς
479 2117 590 2197 ἀριθμὸν
606 2117 740 2197 μυριάδων
752 2119 830 2198 τριῶν
842 2117 889 2177 καί
939 2139 1001 2174 cens
1008 2121 1140 2190 sexaginta
1155 2129 1181 2172 et
1194 2121 1311 2172 virorum
1322 2120 1515 2192 mulierumque
1527 2123 1724 2178 multitudinem

105 2206 166 2263 σῖτα
178 2205 226 2264 καί
237 2203 286 2276 τὴν
301 2205 386 2277 ἄλλην
399 2203 582 2284 παρασκευήν.
938 2209 972 2262 ad
991 2210 1097 2278 triginta
1106 2207 1186 2262 millia
1199 2217 1225 2260 et
1236 2225 1368 2261 annonam
1378 2219 1547 2280 celerumque
1553 2222 1719 2282 apparatum.

145 2313 172 2352 s.
195 2292 244 2360 Ὡς
254 2293 276 2352 δ’
287 2291 441 2372 ἀνςχδίντες
450 2290 497 2358 ml<
507 2293 614 2364 Στήλας
624 2291 831 2373 παρημείψαμεν
843 2291 890 2351 καί
975 2310 1001 2350 a.
1022 2299 1163 2367 Postquam
1173 2296 1254 2348 evecti
1268 2294 1410 2348 Columnas
1423 2298 1603 2368 superavimus
1617 2308 1644 2351 et
1653 2310 1726 2353 extra
1791 2319 1798 2336 ι

105 2383 155 2450 ἔξω
168 2384 252 2441 πλοῦν
268 2382 338 2440 δυοῖν
350 2383 457 2459 ἡμερῶν
471 2377 653 2456 ἐπλεύσαμεν,
669 2379 810 2455 ίκτίσαμεν
822 2379 892 2459 repol-
938 2401 982 2440 eas
996 2381 1106 2438 biduum
1116 2385 1308 2454 navigavimus,
1319 2385 1432 2455 primam
1440 2383 1611 2440 ¹condidimus
1620 2388 1724 2454 urbem,

104 2495 152 2540 την
171 2470 262 2542 πόλιν,
286 2469 378 2542 ἥντινα
398 2465 574 2548 ὧνομᾶσαρεν
588 2469 780 2549 Θυμιατήριον·
800 2468 890 2528 πεδίον
938 2491 1018 2544 quam
1029 2467 1452 2544 nominavimus'i'hymiaterium
1464 2487 1572 2544 campus
1581 2475 1604 2526 ei
1614 2491 1725 2546 magnus

104 2556 386 2638 ειιτῇμεγαιπιι.
937 2559 1054 2616 sumai.

137 2774 314 2847 Βασιλέως]
328 2780 384 2830 nex
396 2777 493 2830 Hanno
507 2784 597 2828 noster
609 2773 680 2846 apud
695 2774 814 2828 Solinom
824 2791 890 2844 quo-
938 2775 1010 2827 trait.
1028 2799 1039 2818 ι
1057 2770 1088 2824 Id
1103 2782 1190 2824 tamen
1201 2783 1249 2823 cur
1262 2779 1405 2822 statuamus
1417 2769 1483 2822 nihil
1495 2769 1585 2836 video,
1599 2788 1681 2842 quum
1691 2771 1725 2823 dc

103 2873 155 2927 quc
173 2852 266 2929 Polyh.
286 2859 302 2926 ς
321 2857 354 2909 56
377 2856 535 2928 appellatur}
559 2855 703 2927 imperator
714 2871 758 2925 ap.
774 2852 890 2908 Plinium
935 2854 1038 2907 ratione
1053 2869 1105 2923 qua
1117 2857 1319 2903 monumentum
1329 2858 1449 2903 nostrum
1465 2849 1492 2903 iu
1504 2852 1599 2922 τεμένει
1612 2867 1724 2903 asserva·

102 2935 152 3001 Vl,
166 2938 216 3001 31;
232 2936 290 2989 dux
301 2954 344 3008 ap.
359 2936 473 2989 eundem
490 2936 526 2999 V,
544 2952 569 3000 1,
586 2952 611 2987 1.
626 2934 744 3003 Intellige
759 2950 843 2986 onom
857 2950 890 2985 ea
934 2944 994 2986 tum
1010 2932 1098 2996 luerit,
1110 2930 1221 2984 omnino
1232 2929 1298 2982 nihil
1307 2938 1418 2993 constet,
1431 2938 1457 2981 et
1469 2928 1525 3000 ipsa
1538 2930 1581 2984 illa
1593 2930 1618 2984 ἐν
1630 2932 1724 3001 τεμένει

103 3014 210 3069 duobus
232 3017 354 3087 carthag.
378 3016 474 3087 sufetis
500 3016 545 3091 (ν.
573 3016 665 3069 Festus
686 3033 709 3067 s.
735 3032 774 3079 v.;
799 3015 889 3069 Livius
937 3011 1017 3065 verba
1031 3011 1081 3063 late
1094 3019 1210 3082 pateant.
1233 3010 1302 3061 Fieri
1323 3010 1404 3078 igitur
1425 3009 1521 3079 potuit,
1544 3018 1573 3061 ut
1592 3009 1619 3061 iu
1634 3010 1724 3079 templi

103 3094 260 3159 XXXVIII,
280 3096 348 3169 37),
362 3113 429 3167 quos
449 3096 535 3149 Graeci
560 3113 655 3148 vocare
676 3094 761 3147 solent
783 3093 892 3163 βασιλεῖς
935 3090 1095 3161 ὀπισθοδόμῳ
1110 3108 1164 3142 non
1178 3088 1262 3141 cuivis
1272 3097 1378 3158 patente
1390 3086 1428 3140 vel
1440 3088 1519 3139 etiam
1533 3088 1560 3139 in
1574 3086 1626 3139 alio
1642 3086 1723 3139 adili-

103 3172 143 3224 rel
156 3175 334 3243 πρωτεδοντας,
346 3175 458 3227 Romani
473 3172 555 3226 modo
569 3190 648 3241 reges,
663 3172 745 3225 modo
760 3173 886 3236 consules,
934 3169 1022 3223 οἱονεί
1038 3168 1127 3241 templi
1139 3169 1239 3240 τέμενος
1248 3168 1395 3239 pertinente
1406 3165 1433 3219 id
1444 3184 1526 3237 genus
1537 3165 1605 3219 tituli
1616 3166 1722 3239 sepositi

101 3251 185 3304 modo
195 3251 347 3306 dictatores.
357 3255 394 3306 V.
404 3253 491 3322 Illuge
498 3251 533 3306 ad
542 3244 676 3307 Aristolel.
686 3254 727 3305 De
735 3252 887 3322 Carthagin.
935 3260 1031 3303 essent.

101 3348 160 3401 rep.
175 3349 200 3383 c.
216 3347 233 3383 a
250 3342 277 3384 et
291 3350 318 3401 7.
332 3334 495 3404 ῃ-τῶν...
513 3332 632 3404 μερῶν]
646 3334 677 3384 In
692 3332 733 3385 his
744 3329 888 3385 dictionem
971 3332 1023 3398 §n
1038 3328 1262 3399 aritaivJIlac
1276 3343 1327 3379 vox
1347 3326 1399 3379 hoc
1417 3325 1476 3378 locu
1489 3324 1629 3378 adhibetur
1644 3342 1723 3378 sensu

101 3409 191 3461 coiere
203 3412 305 3463 Punico
319 3412 428 3464 tinctam
441 3420 576 3465 auctorem
589 3410 703 3482 prodere
719 3410 888 3464 mediocriter
935 3408 1050 3473 laxiore;
1070 3426 1131 3461 nam
1151 3424 1233 3461 unam
1248 3415 1350 3459 tantum
1370 3403 1480 3468 urbem,
1501 3403 1721 3475 Thymiaterinm,

11 3516 27 3564 ¹·
102 3506 186 3555 τηεσε
197 3487 306 3543 domum
320 3501 408 3543 censet
420 3490 543 3561 Klugiua,
560 3502 631 3544 recte
645 3490 776 3555 fortassis;
798 3507 890 3561 qoam·
934 3488 1032 3541 llanno
1043 3485 1172 3548 condidit,
1184 3484 1279 3547 ἔνισπες
1292 3482 1404 3553 reliquas
1415 3484 1491 3535 novis
1500 3482 1592 3535 incolis
1601 3481 1722 3552 hequen-

102 3584 181 3635 quam
188 3566 249 3637 jure
261 3570 356 3639 qnaeris
365 3586 431 3623 num
439 3570 495 3625 baec
504 3570 600 3642 Peripli
611 3571 749 3642 inscriptio
756 3568 791 3623 ad
803 3571 890 3641 ipsum
934 3566 1008 3630 tavit,
1020 3567 1154 3637 κατῴκισεν
1165 3565 1175 3632 ΙΙ
1187 3594 1224 3605 -
1232 3561 1520 3632 πεντηκοντόρους]
1535 3586 1546 3607 ι
1558 3562 1722 3629 Bougainvil·

102 3662 194 3712 grum
211 3648 340 3701 versionis
357 3660 492 3703 auctorem
514 3652 549 3703 sit
568 3649 715 3703 reserenda.
746 3649 814 3701 Nam
836 3648 891 3721 ple·
935 3644 985 3697 lius
1001 3646 1101 3715 (Mdnt.
1116 3644 1148 3697 dc
1161 3642 1266 3697 t'Acmt.
1281 3642 1309 3695 d.
1326 3646 1412 3696 Inscr.
1429 3652 1449 3694 t.
1465 3642 1593 3703 XXVIII,
1608 3658 1636 3711 p.
1650 3642 1719 3711 288)

103 3742 216 3796 rumque
228 3725 360 3797 longiores
371 3728 399 3781 id
411 3745 493 3799 gentu
504 3730 689 3800 inscriptiones
702 3728 831 3781 citerioris
841 3729 889 3780 aevi
933 3742 966 3777 ex
980 3723 1137 3796 Thucydide
1156 3722 1269 3795 probare
1282 3721 1371 3776 studet
1384 3722 1453 3775 hanc
1464 3720 1657 3789 navigationem
1670 3722 1720 3789 703

101 3804 195 3857 scribis
214 3802 355 3860 debentur.
370 3810 381 3877 ]
394 3806 649 3881 -δνέθηιιινΠ,
663 3807 861 3876 Prolcgnmena.
876 3808 887 3875 ΙΙ
934 3818 1019 3857 annos
1031 3805 1097 3857 a.C.
1116 3803 1210 3857 laetam
1221 3797 1721 3871 esseDocetenimThucydidcstrire·

102 3912 139 3922 —
152 3883 294 3956 Κρόνου]
307 3885 468 3939 Gorillarum
484 3887 574 3959 pelles,
589 3905 654 3957 quas
667 3904 701 3939 ex
715 3887 808 3939 itinere
826 3887 890 3939 Car·
933 3900 989 3936 mes
1004 3884 1056 3937 300
1069 3901 1152 3936 annos
1162 3892 1222 3935 ante
1232 3881 1328 3934 bellum
1339 3880 1589 3951 Peloponnesiacum
1603 3880 1722 3933 inventas

103 3962 235 4031 thaginem
245 3974 422 4038 asportaverat
433 3965 540 4030 Hanno,
554 3964 625 4037 apud
642 3964 756 4019 Plinium
769 3966 806 4028 V,
821 3965 854 4017 36
863 3975 890 4018 et
933 3979 1004 4027 esse3
1019 3980 1082 4033 ergo
1095 3980 1172 4015 naves
1192 3961 1381 4032 quinquaginta
1399 3960 1477 4013 remis
1496 3960 1635 4013 instructas
1651 3971 1721 4013 certe

101 4042 221 4094 Solinum
237 4042 257 4095 l.
269 4043 288 4096 l.
300 4041 435 4097 dedicasse
446 4043 545 4098 dicitur
555 4063 611 4098 noa
623 4046 651 4097 in
669 4044 769 4115 templo
782 4044 888 4097 Saturni
932 4050 1040 4094 eentum
1056 4042 1246 4112 quinquaginta
1263 4057 1346 4091 annos
1358 4049 1418 4110 post
1435 4037 1569 4090 conditam
1587 4038 1721 4107 Carthagi·

105 4120 173 4188 (sire
183 4122 283 4193 Bauli),
294 4122 340 4175 sed
349 4124 462 4177 lunonis
472 4124 544 4198 (sive
553 4124 699 4195 Astarte),
715 4147 726 4169 ·
735 4138 817 4193 quum
828 4123 890 4176 huic
933 4138 995 4173 nem
1011 4122 1037 4173 in
1052 4136 1102 4173 usu
1123 4119 1210 4172 luisse.
1225 4120 1327 4171 Verum
1341 4118 1397 4170 haeo
1409 4118 1477 4169 tutio
1494 4116 1567 4169 lacile
1579 4116 1718 4170 refutatur.

102 4198 165 4265 dm,
180 4210 212 4254 ut
227 4200 340 4270 Klugios
353 4205 510 4274 suspicatur,
526 4202 657 4273 ejusmodi
669 4202 752 4274 spolia
765 4212 890 4274 tanquam
932 4200 990 4253 Tali
1012 4202 1083 4253 enim
1104 4197 1265 4270 expeditioni
1286 4198 1424 4251 maritimae
1440 4194 1624 4249 conducebant
1642 4214 1721 4253 naves

103 4278 201 4332 itineris
211 4282 335 4351 primitia
350 4281 546 4336 dedicarentur.
562 4306 574 4329 ι
588 4286 622 4337 at
631 4300 714 4353 quum
731 4282 890 4353 omniaque
932 4282 1070 4343 onerarias,
1095 4280 1209 4331 minores
1219 4275 1339 4347 quidem,
1354 4274 1401 4328 sed
1416 4276 1472 4328 latae
1483 4293 1514 4329 ac
1531 4273 1614 4345 planae
1633 4284 1659 4329 ot
1685 4276 1720 4328 ita

103 4356 136 4409 de
147 4360 286 4412 iiannonis
298 4362 391 4414 itinere
403 4348 476 4433 apud
489 4362 604 4416 Plinium
616 4362 788 4433 Solinumque
797 4361 889 4431 legun·
933 4369 1100 4431 comparatae,
1114 4368 1143 4411 ut
1160 4366 1245 4410 nauta
1257 4374 1310 4408 non
1329 4354 1415 4408 solum
1429 4370 1503 4407 oram
1515 4354 1673 4407 maritimam
1685 4353 1720 4407 le·

104 4446 155 4501 tur,
166 4456 200 4490 ex
220 4440 332 4509 impuris
346 4440 470 4494 lluxerint
488 4440 615 4504 lontibus,
633 4441 661 4493 in
682 4441 732 4494 hac
744 4458 891 4512 quoquere
933 4456 1003 4507 gere,
1019 4437 1064 4491 sed
1078 4436 1178 4491 radact
1191 4452 1259 4489 eaeoa
1270 4452 1331 4488 saxa
1345 4434 1436 4487 leviter
1449 4431 1586 4504 supervehi
1602 4442 1718 4502 possent,

103 4530 174 4584 pene
183 4517 257 4571 nulla
266 4536 359 4572 eorum
373 4530 413 4573 est
421 4522 572 4574 auctoritas.
588 4524 599 4590 Ι]
610 4551 647 4561 -
658 4539 672 4573 τ
682 4540 693 4573 ε
703 4522 773 4592 pise
781 4520 808 4591 ι]
819 4522 891 4574 Han·
933 4517 1030 4588 quibus
1040 4517 1159 4569 triremes
1169 4524 1315 4584 ratemque
1326 4530 1403 4565 naves
1413 4528 1513 4581 magna
1527 4509 1603 4563 molis
1617 4510 1720 4564 illisune

105 4597 178 4648 nonis
191 4598 384 4667 navigationem
404 4601 440 4653 ita
454 4601 482 4653 in
504 4600 603 4671 templo
624 4600 770 4653 dedicatam
791 4599 886 4664 luisse,
933 4596 1030 4649 forent.
1044 4594 1123 4666 Apud
1138 4593 1291 4647 Strabonem
1308 4593 1349 4664 (1,
1366 4608 1394 4661 p.
1411 4589 1466 4662 99)
1482 4588 1609 4643 Eudoxus
1627 4589 1718 4643 eadem

105 4682 134 4725 ut
151 4674 246 4728 tabulae
262 4676 301 4730 vel
316 4677 446 4733 columnae
461 4680 615 4750 inscriptam
628 4677 737 4749 quilibet
750 4678 887 4731 consulere
932 4685 1064 4728 structura
1081 4674 1164 4727 utitur
1181 4672 1214 4725 ad
1233 4671 1316 4724 simile
1337 4669 1474 4723 consilium
1495 4667 1688 4739 exequendum.
1705 4694 1716 4715 ι

104 4764 199 4820 posset,
205 4753 267 4823 jure
276 4754 335 4809 lioet
348 4756 513 4821 addubitare,
526 4774 609 4828 quum
615 4759 679 4809 satis
690 4765 792 4809 constet
804 4756 888 4809 celare
933 4756 1043 4807 Kanna¹
1057 4752 1067 4820 ΙΙ
1081 4783 1118 4793 -
1128 4752 1288 4823 μυριάδων
1303 4754 1396 4819 τριῶν
1408 4748 1417 4819 ]
1428 4747 1505 4819 Apud
1515 4750 1622 4803 Graecos
1631 4746 1663 4800 ad
1674 4766 1719 4801 co-

106 4833 190 4899 potios
207 4834 434 4905 Carthaginienses
453 4834 586 4889 studuisse
600 4852 773 4907 quaecumque
789 4846 889 4906 specta·
933 4832 1031 4887 loniatn
1039 4829 1222 4888 deducendam
1231 4831 1348 4899 quinque
1358 4828 1397 4881 vel
1406 4829 1485 4881 etiarn
1495 4826 1528 4881 ad
1538 4826 1628 4898 deoerq
1640 4825 1719 4879 millia

105 4920 162 4962 tent
172 4910 315 4983 longinqua
326 4932 419 4968 eorum
433 4916 592 4968 commercia
602 4916 784 4987 emporiaque.
800 4918 890 4983 Quare
933 4912 1073 4964 hominum
1087 4909 1172 4978 colligi
1192 4920 1221 4962 ut
1234 4908 1379 4979 plurimum
1395 4905 1522 4961 solebant.
1538 4907 1597 4959 Non
1619 4906 1719 4957 nimius

11 5015 12 5022 ν
106 4988 263 5043 laetmnnius
276 4992 400 5063 (Peiores
410 4997 497 5061 geogr.
512 5012 540 5067 p.
554 4994 627 5066 230)
643 5012 649 5047 :
667 5020 678 5040 ·
696 4996 762 5047 llien
775 4994 890 5064 n’cmpci·
932 4992 1013 5060 igitur
1026 4992 1131 5059 triginta
1146 4988 1256 5041 millium
1269 4986 1441 5041 nutncrusad
1455 5006 1499 5039 sea
1513 4986 1550 5037 vel
1563 4996 1660 5055 septeni
1675 5003 1719 5037 co·

105 5066 161 5130 che,
178 5069 225 5133 ait,
242 5086 295 5139 que
312 5080 379 5123 nette
396 5073 586 5137 circonstance,
600 5073 695 5126 relatc'c
716 5074 889 5143 uniquernent
933 5070 1017 5123 ionias
1031 5071 1079 5122 rite
1088 5066 1261 5121 instituendas
1273 5076 1300 5121 ct
1310 5076 1403 5121 contra
1417 5066 1518 5119 hostem
1533 5065 1558 5117 in
1570 5064 1718 5133 longinquis

105 5144 169 5197 dans
180 5146 206 5198 le
223 5150 292 5214 titre,
310 5168 343 5202 ne
360 5153 412 5204 soit
423 5170 476 5205 une
489 5150 609 5204 addition
624 5152 659 5205 de
675 5152 741 5204 celui
760 5152 806 5221 qui
824 5167 888 5203 aum
932 5150 1013 5221 plagis
1032 5146 1151 5200 tuendas.

105 5226 202 5279 traduit
213 5246 248 5280 en
258 5246 319 5297 grec
330 5229 458 5300 l'original
471 5250 506 5285 ou
521 5233 565 5303 qni
580 5251 613 5286 cn
621 5250 684 5286 aura
695 5232 784 5285 donni·
796 5248 833 5284 on
841 5248 887 5283 et·
970 5233 1020 5298 §a
1041 5226 1258 5301 θυμιατήριον
1271 5227 1281 5298 ]
1295 5226 1473 5279 Meminerant
1485 5220 1562 5294 liujus
1577 5221 1717 5289 ιιι“1νίε8σ)··

235 5334 320 5373 croco.
1572 5319 1583 5360 ¹
