3775 5750
184 348 296 392 trxxu
408 321 415 328 ’
830 319 1134 380 PROLEGOMENA.

184 484 324 552 Meropis,
348 478 565 545 nemorosius,
590 471 717 544 itemque
736 469 812 525 inter
835 479 966 526 auctores
1009 465 1065 524 hus
1080 464 1263 522 Characenus
1278 462 1328 520 ille
1344 461 1466 538 Augusti
1480 461 1565 542 jussu
1589 462 1690 521 omnia
1704 481 1792 520 anno·

184 575 256 634 libri
269 573 365 650 quinti
380 581 594 646 componuntur
614 571 765 639 Dionysius
778 576 807 622 et
818 565 962 638 Ephorus:
1011 574 1136 631 taverat,
1149 580 1207 618 non
1216 571 1273 617 tam
1283 559 1360 616 hunc
1369 561 1451 635 sequi
1464 558 1665 635 quamdubam
1675 571 1706 616 et
1717 579 1796 616 arma

185 689 289 728 rerum
311 668 359 726 hic
376 665 536 741 Dionysius
558 682 615 720 non
627 675 670 740 est
689 660 907 723 recentissimus
919 658 969 715 ille
1013 657 1151 716 Romana.
1168 658 1289 714 Acsane
1300 654 1597 713 nihilferePlinianis
1610 656 1702 724 inest,
1717 655 1794 730 quod

188 765 262 822 situs
273 761 354 821 orbis
365 775 508 818 terrarum
521 755 698 827 auctor,sed
711 755 870 830 Dionysius
882 753 967 810 Chal·
1012 773 1076 811 cum
1109 753 1248 811 lsidoreis
1274 752 1310 808 de
1335 750 1454 808 Parthia
1481 751 1626 827 excerptis
1659 753 1796 827 componi

186 858 324 926 cidensis,
341 855 458 913 Κτίσεων
473 853 597 929 scriptor
612 851 705 908 atatis
720 849 870 926 Ephoreae.
883 848 968 917 Quod
1012 848 1120 928 possit,
1132 861 1164 906 ut
1180 848 1253 904 alios
1264 845 1411 904 llomanus
1422 845 1549 922 scriptor
1561 845 1649 902 duces
1660 845 1800 902 habuisse
1879 851 1880 864 ¹

187 967 282 1011 autem
304 950 438 1009 nonnulli
458 961 598 1026 putarunt
612 948 784 1022 Dionysium
802 945 892 1004 Plinii
907 965 969 1004 esse
1013 958 1160 1022 appareat.

186 1051 352 1126 periegeten
366 1048 452 1106 istum
472 1045 557 1122 cujus
575 1063 691 1102 cannen
710 1043 849 1103 babemus
864 1063 968 1119 super·
1057 1060 1122 1112 ¹27·
1139 1038 1283 1095 llactenus
1295 1037 1401 1094 deloco
1413 1035 1515 1092 Plinii.
1526 1035 1559 1093 ln
1570 1035 1720 1096 Parthicis
1730 1055 1801 1092 rero

186 1159 263 1220 stes,
278 1158 305 1202 et
319 1163 404 1220 quem
417 1143 539 1216 Augusti
553 1153 635 1198 aetate
647 1139 758 1196 vixisse
775 1137 893 1214 quidam
905 1157 969 1194 cre·
1016 1135 1218 1194 mansionibus
1233 1155 1321 1210 quum
1336 1134 1444 1191 mentio
1457 1135 1505 1190 fiat
1514 1132 1652 1208 'l'igranis
1665 1133 1800 1191 Armenii

187 1229 972 1317 dideruntprodenteliustathio:idtantumnonabsur·
1014 1233 1062 1309 tp.
1079 1231 1165 1306 2505
1189 1229 1243 1304 6),
1265 1241 1294 1285 et
1315 1228 1473 1305 Euphrates
1493 1228 1600 1285 lluvius
1620 1228 1798 1286 Parthorum

185 1334 254 1392 dum
269 1348 320 1393 est.
345 1333 415 1389 Nam
435 1330 526 1386 Plinii
549 1328 729 1405 praeconium
744 1327 776 1384 in
797 1328 883 1384 istum
904 1345 970 1399 geo·
1002 1328 1270 1403 ,Romanorumque
1291 1325 1417 1382 ditiones
1445 1325 1627 1383 disterminet
1653 1327 1715 1403 (p.
1740 1327 1798 1392 att

186 1429 329 1506 graplmm
349 1446 408 1484 non
430 1423 523 1495 cadit,
548 1436 634 1498 atque
658 1425 721 1497 ipse
741 1420 901 1496 Dionysius
922 1432 969 1498 tv.
1014 1425 1064 1502 §t
1081 1447 1095 1496 7
1111 1426 1130 1500 t,
1149 1436 1225 1502 patet
1237 1423 1380 1481 isidorum
1393 1423 1526 1500 Pompeji
1542 1421 1798 1500 temporibusesse

189 1527 246 1596 708
258 1545 321 1601 sqq.
334 1525 343 1597 l
356 1541 503 1598 nunquam
518 1539 548 1577 se
562 1517 671 1575 vidisse
679 1516 812 1589 regiones
822 1514 971 1573 Parthicas
998 1523 1215 1602 posteriorem.
1229 1519 1400 1579 'l'erminum
1413 1520 1495 1577 illum
1511 1522 1664 1596 utriusque
1675 1522 1802 1598 imperio

189 1621 306 1696 latetur,
319 1633 347 1676 et
360 1620 480 1676 omnino
495 1637 512 1673 a
525 1613 695 1690 longinquis
711 1611 869 1670 itineribus
887 1613 970 1670 navi·
1017 1619 1105 1677 luisse
1128 1619 1248 1693 Augusti
1266 1628 1347 1674 aetate
1369 1628 1490 1674 constat.
1507 1615 1599 1691 Gajus
1621 1615 1719 1674 Caesar
1734 1635 1801 1674 cum

189 1715 417 1790 galionibusque
448 1712 591 1779 alienum»
617 1709 679 1766 ⁵⁰¹0
703 1707 851 1766 Mllsffllm
874 1707 972 1764 afflatu
1015 1715 1190 1772 Parthorum
1202 1733 1269 1788 rege
1278 1715 1308 1770 in
1318 1712 1414 1770 insula
1429 1711 1694 1790 Euphratiscoivit‚
1706 1713 1801 1769 utrin-

189 1824 281 1868 terras
299 1809 466 1885 explorasse
482 1806 616 1862 affirmat·
632 1803 743 1859 Contra
754 1821 825 1858 veto
849 1803 912 1858 fieri
923 1821 973 1879 pa·
1015 1829 1072 1886 que
1081 1823 1174 1868 stante
1186 1809 1256 1866 hinc
1271 1807 1414 1877 llomauo,
1427 1807 1509 1866 illinc
1519 1807 1655 1865 Parthico
1668 1809 1802 1865 exercitu

190 1907 246 1962 lull
260 1918 291 1962 ul
303 1903 444 1962 librarius
456 1901 573 1980 quitiam
596 1899 791 1976 Dionysium,
806 1911 905 1974 utpote
917 1919 972 1955 no-
1017 1906 1162 1983 (Vellejus
1176 1905 1213 1976 H,
1231 1927 1280 1962 101
1296 1905 1317 1984 J

190 2002 334 2060 tissimum
362 2002 482 2060 serioris
512 2000 566 2056 aeri
596 1995 767 2055 hominibus
792 1995 973 2072 periegeseos
1059 2004 1125 2060 128.
1146 2002 1178 2058 tn
1198 2001 1255 2058 alia
1272 1999 1427 2077 liuptnntis
1447 1997 1653 2076 insula(m1nc
1676 2000 1798 2072 Kolta),

191 2109 349 2154 auctorem.
367 2096 403 2154 de
413 2113 465 2153 suo
480 2113 558 2172 penu
575 2095 606 2150 in
619 2091 726 2150 isidori
742 2091 838 2147 locum
858 2089 972 2146 suffice·
1018 2098 1148 2156 Isidorus
1172 2100 1218 2174 (p.
1237 2097 1306 2165 248,
1322 2095 1344 2154 l.
1364 2097 1421 2172 aa)
1444 2096 1575 2152 narrarit
1595 2114 1694 2169 gazam
1711 2095 1802 2153 luisse

191 2205 244 2251 ret.
256 2192 307 2250 Sin
319 2194 414 2270 ipsum
433 2191 562 2249 Plinium
583 2189 723 2246 memoria
737 2185 854 2256 tesellit,
869 2186 971 2244 sortas-
1017 2193 1145 2270 ψραάτου
1159 2193 1202 2248 τοῦ
1220 2189 1415 2268 ἀποσφάξαντος
1434 2187 1669 2260 adtestantibus,
1683 2189 1724 2246 dcc
1745 2193 1801 2260 Τη.

189 2290 231 2344 sis
251 2291 347 2345 animo
380 2286 444 2363 ejus
471 2284 680 2342 obversabatur
709 2301 817 2343 norrren
838 2281 973 2356 Dionysii
1018 2289 1121 2364 ριδάτης
1135 2285 1215 2366 φυγὰς
1227 2285 1262 2343 ὧν
1273 2283 1418 2345 stridulae.
1431 2285 1498 2343 llaec
1509 2299 1635 2344 nostram
1646 2285 1682 2342 de
1692 2285 1802 2342 isidori
1879 2291 1880 2304 ¹

189 2403 274 2458 quem
297 2383 396 2460 paullo
423 2395 488 2439 ante
509 2383 556 2456 (s.
575 2401 609 2436 ar
625 2381 632 2456 l
648 2379 762 2436 dixerat
781 2376 974 2436 a-Ptolcmaeo
1017 2389 1098 2442 atate
1109 2383 1465 2451 sententiameverterent,
1482 2382 1591 2439 sirecte
1607 2380 1642 2438 de
1653 2381 1689 2437 iis
1700 2380 1804 2456 dispu-

190 2478 383 2555 Philadelpho
408 2480 438 2536 in
463 2477 575 2536 indiam
597 2477 717 2534 missum
735 2476 826 2534 simili
841 2476 877 2535 de
889 2497 974 2535 causa
1018 2493 1091 2538 taret
1106 2477 1273 2536 llocluellus
1291 2479 1350 2552 (Dc
1365 2479 1475 2532 natoro
1489 2477 1653 2532 Characeno
1665 2476 1696 2532 in
1710 2475 1802 2535 lluds.

190 2587 277 2650 atque
289 2573 433 2633 isidorum
445 2577 591 2648 Augustus
604 2575 633 2630 in
649 2573 747 2630 Asiam
762 2572 880 2648 legavit.
1017 2577 1126 2650 Geogr.
1141 2588 1211 2636 tom.
1224 2574 1262 2644 ll,
1274 2595 1304 2651 p.
1321 2574 1388 2646 60).
1405 2600 1416 2623 a
1436 2573 1513 2642 lirat,
1528 2572 1635 2648 inquit,
1649 2570 1704 2628 sub
1712 2571 1738 2628 T
1741 2571 1802 2628 ibe·

234 2674 299 2728 126.
314 2671 505 2746 llaecigitursi
517 2666 824 2746 rectedisputaviinus,
834 2670 869 2728 de
875 2679 975 2744 patria
1018 2673 1115 2742 beria,
1145 2685 1207 2729 erat
1231 2672 1317 2729 etiam
1342 2670 1397 2729 sub
1418 2669 1531 2726 Nerone
1556 2667 1725 2738 'seridates,
1749 2670 1802 2743 qui

192 2766 279 2823 simul
298 2780 327 2824 et
350 2780 435 2822 oetatc
464 2764 572 2823 isidori
595 2764 669 2822 bene
689 2777 844 2822 constaret.
870 2764 973 2822 Videa·
1018 2789 1107 2845 quum
1132 2769 1231 2845 priore
1255 2767 1370 2825 idemne
1398 2765 1499 2834 suerit,
1523 2765 1665 2821 incertum
1692 2777 1744 2820 est.
1766 2765 1804 2818 At

191 2882 256 2921 snus
270 2882 306 2921 aa
319 2875 413 2921 cetera
433 2863 464 2919 in
475 2859 595 2919 eandem
608 2861 781 2919 sententiam
796 2861 972 2937 conspirent.
1018 2867 1101 2945 prior
1121 2867 1170 2925 ille
1193 2880 1271 2923 certe
1292 2878 1354 2921 erat
1376 2863 1412 2921 de
1426 2861 1511 2939 cujus
1533 2862 1599 2937 suga
1621 2861 1677 2919 hoc
1691 2861 1721 2919 in
1735 2860 1803 2919 loco

191 2960 306 3018 Plinius
321 2961 340 3016 l.
359 2962 379 3016 l.
403 2959 600 3017 Characenum
626 2978 711 3017 suum
733 2958 806 3015 dicit
833 2971 973 3017 terrarum
1019 2965 1194 3021 urentionem
1213 2965 1280 3019 secit
1294 2961 1434 3019 isidorus.
1453 2960 1488 3018 Et
1504 2960 1600 3037 lugam
1614 2960 1688 3017 hanc
1703 2980 1749 3017 an.
1763 2959 1799 3015 U.

192 3055 274 3115 orbis
299 3057 375 3115 situs
397 3069 542 3113 auctorem
562 3062 787 3111 recentissimam.
812 3053 890 3112 ldem
905 3075 975 3113 vero
1018 3080 1043 3115 c.
1062 3060 1136 3134 789,
1152 3057 1307 3136 pastillus
1321 3076 1367 3114 rrn.
1395 3058 1431 3111 36
1448 3068 1589 3114 memorat
1608 3068 1663 3113 tam
1679 3053 1705 3110 Τ
1707 3055 1803 3113 scitus

129 3175 133 3183 ·
192 3149 226 3220 V,
245 3151 282 3207 38
295 3163 324 3207 et
349 3151 387 3225 39
400 3148 506 3209 isidori
527 3168 676 3208 mensuras
691 3162 829 3227 tanquam
847 3162 976 3208 recentes
1018 3175 1103 3232 quarn
1123 3155 1209 3211 etiam
1230 3154 1286 3211 llio
1301 3155 1397 3231 primo
1417 3153 1565 3211 eParthia
1581 3152 1611 3209 in
1636 3152 1802 3228 Mesopota-

191 3246 315 3321 ⁰PP⁰¹¹it
325 3245 470 3303 ¹¹¹⁶¹¹S¹¹¹⁸i⁸
481 3258 623 3303 velerum·
635 3243 707 3302 Nam
719 3246 759 3302 5¹¹¹
773 3243 861 3301 habet
870 3242 905 3315 V,
919 3245 973 3301 38:
1019 3253 1119 3323 roiam,
1129 3264 1189 3309 tum
1198 3250 1304 3309 deinde
1313 3271 1330 3308 e
1338 3250 1544 3327 Mesopotamia
1552 3250 1582 3306 in
1591 3247 1716 3325 Syriam,
1729 3248 1803 3304 Par·

193 3343 276 3398 fliius
288 3348 406 3398 simultis
421 3344 534 3399 CXXV
546 3362 583 3397 m·
593 3362 637 3416 Po
652 3354 684 3397 “l
692 3355 801 3397 velem
811 3341 971 3399 tradidere:
1018 3347 1107 3405 thiam
1122 3346 1272 3405 obtinente
1286 3345 1311 3402 T
1313 3344 1432 3403 eridatis
1447 3344 1551 3403 aemulo
1565 3342 1722 3403 Artabano.
1744 3342 1803 3399 Sed

193 3439 316 3492 Isidorus
323 3439 375 3492 ῙΧ
378 3438 475 3494 edicit.
486 3448 515 3493 et
523 3434 556 3507 V,
568 3437 606 3512 39
619 3456 626 3490 :
640 3436 711 3495 Tota
723 3439 815 3491 insula
826 3435 835 3512 (
847 3434 973 3512 lesbus)
1017 3462 1054 3501 ne
1069 3442 1187 3519 quidem
1208 3441 1304 3515 lugam
1331 3440 1410 3497 illam
1426 3452 1507 3497 aetate
1529 3458 1582 3497 sua
1603 3438 1691 3495 luisse
1703 3437 1804 3494 innuit

190 3535 522 3603 circuitur,utIsidorus‚
538 3532 701 3589 CLXVIII
711 3552 747 3588 m.
757 3553 804 3605 p.;
815 3545 845 3588 at
856 3546 970 3599 veteres,
1018 3536 1160 3596 Isidorus,
1188 3536 1266 3593 Nihil
1293 3554 1362 3610 ergo
1382 3534 1521 3593 habemus
1549 3552 1608 3610 quo
1619 3544 1678 3590 tum
1692 3533 1804 3589 vixisse

195 3626 250 3698 ¹95
266 3646 304 3681 m.
318 3647 353 3700 p.
367 3624 484 3684 Veteres
505 3626 550 3683 illi
565 3638 633 3684 sunt
650 3624 854 3684 Timosthenes
867 3638 896 3682 et
907 3624 976 3683 Era·
1020 3632 1165 3690 Isidorum
1174 3644 1223 3689 aut
1235 3631 1387 3707 scripsisse
1397 3630 1577 3703 colligamus.
1589 3652 1601 3680 ι
1614 3660 1654 3671 --
1666 3626 1804 3685 Dodsrel-

192 3719 339 3777 tostbenes
361 3731 391 3777 et
406 3718 624 3790 Artemidorus,
641 3738 679 3777 ex
701 3739 761 3797 qno
776 3720 808 3777 in
822 3720 972 3779 nonnullis
1018 3726 1062 3784 lus
1076 3727 1166 3802 igitur
1179 3726 1216 3784 de
1229 3746 1264 3784 eo
1278 3726 1414 3785 Teridate
1429 3724 1638 3799 cogitarivult,
1652 3742 1738 3800 quem
1751 3724 1805 3781 Ti-

191 3814 320 3893 pendere
337 3813 483 3873 isidorum
503 3834 540 3873 ex
561 3814 729 3889 fragmentis
744 3815 902 3891 colligitur.
924 3816 974 3875 Sic
1018 3820 1118 3881 herins
1130 3821 1257 3893 Parthis,
1273 3819 1309 3878 ab
1320 3820 1426 3877 Arsace
1436 3818 1574 3877 Xleive
1584 3816 1731 3875 Artabano
1745 3816 1802 3891 111,

192 3910 229 3967 de
247 3911 323 3969 Asiae
339 3910 493 3969 latitudine
506 3910 543 3969 ab
557 3911 661 3969 ultima
678 3911 801 3991 AEgypto
824 3932 916 3990 usque
937 3913 974 3972 ad
1020 3919 1084 3975 viro
1110 3917 1282 3988 saevissimo,
1309 3914 1493 3983 abalienatis,
1513 3932 1609 3987 regem
1634 3911 1729 3979 dedit,
1750 3913 1804 3970 sed

158 4026 163 4035 ·
192 4006 414 4079 Tanaim,etde
424 4007 548 4086 Europae
557 4009 871 4085 longitudineaTanai
881 4030 974 4087 usque
1019 4015 1072 4071 vix
1093 4014 1219 4091 imperio
1243 4013 1367 4090 potitum
1397 4010 1560 4069 Artabanus
1578 4028 1643 4067 cum
1672 4010 1804 4066 exercitu

191 4104 229 4163 acl
256 4104 352 4164 Gades
380 4124 445 4163 curn
467 4106 651 4165 Artemidoro
674 4106 806 4167 isidorus
832 4109 976 4166 consentit
1019 4110 1137 4168 adortus
1154 4110 1186 4167 in
1207 4109 1321 4185 Syriam
1338 4108 1425 4185 ejecit
1448 4107 1560 4187 (Tacit.
1578 4107 1657 4164 Ano.
1673 4104 1722 4175 Vl,
1754 4113 1803 4173 44.

192 4206 236 4273 tv.
247 4222 277 4279 p.
293 4202 350 4259 255
365 4202 401 4259 fr.
418 4203 454 4259 23
464 4214 493 4260 et
506 4210 542 4269 at
555 4204 583 4279 );
597 4222 663 4261 carm
676 4203 778 4262 eodem
798 4203 867 4261 lacit
878 4204 916 4261 de
933 4205 976 4261 la·
1018 4207 1076 4263 Dio
1097 4206 1177 4264 Cass.
1197 4205 1299 4277 LVlll,
1325 4208 1362 4262 26
1375 4205 1394 4282 ).
1418 4208 1455 4262 At
1475 4216 1575 4263 nostro
1593 4202 1659 4260 loco
1684 4221 1743 4259 non
1766 4203 1805 4260 de

194 4296 319 4357 titudine
332 4295 415 4363 orbis
430 4309 590 4370 terrarum,
603 4299 661 4355 nisi
675 4296 753 4374 quod
770 4298 975 4357 Artemidorus
1020 4304 1178 4371 Artabano,
1198 4300 1247 4358 sed
1259 4300 1295 4358 de
1309 4302 1436 4357 Phraate
1452 4319 1547 4358 sermo
1559 4309 1613 4355 est.
1625 4296 1726 4374 ltaque
1742 4316 1805 4353 non

192 4392 377 4451 solummodo
391 4392 428 4451 ad
435 4391 559 4452 Tanaim
573 4394 817 4470 usquemensuris
830 4397 892 4453 suis
905 4415 975 4471 pro·
1020 4398 1107 4455 video
1122 4416 1181 4473 quo
1194 4415 1239 4454 res
1251 4397 1396 4472 pertinere
1411 4398 1503 4475 possit
1516 4396 1573 4453 nisi
1587 4394 1623 4453 ad
1631 4393 1803 4469 Tiridatem,

193 4506 308 4562 gressus
326 4504 384 4563 est,
409 4492 550 4549 ulteriora
575 4492 756 4567 incomperta
777 4491 973 4563 existumans,
1021 4493 1072 4570 qui
1085 4492 1203 4551 Arsacis
1217 4490 1266 4549 XV
1280 4492 1344 4549 sive
1358 4491 1489 4551 Phraata
1502 4490 1539 4550 tv
1551 4490 1708 4569 imperium
1718 4488 1804 4546 inra-

193 4582 326 4643 lsidorus
344 4604 448 4645 veroa
465 4586 559 4645 Tanai
580 4586 616 4645 ad
635 4585 750 4645 Thulen
772 4589 878 4658 acljecit
900 4587 975 4645 1250
1020 4600 1106 4659 serat,
1120 4588 1225 4646 deinde
1237 4606 1308 4645 vero
1323 4588 1359 4645 ab
1373 4606 1408 4645 eo
1419 4588 1558 4665 expulsus
1569 4585 1710 4663 tcircaan.
1724 4592 1762 4653 al,
1777 4602 1804 4643 a.

161 4708 171 4717 ·
194 4682 299 4749 millia,
321 4694 353 4737 ut
374 4682 462 4739 relert
484 4683 613 4755 Plinius,
643 4682 694 4758 qui
718 4680 800 4738 addit
817 4680 892 4739 hanc
912 4700 975 4740 esse
1020 4683 1112 4760 Chr.)
1129 4682 1327 4741 Romanorum
1344 4701 1399 4760 ope
1411 4698 1583 4760 recuperare
1597 4698 1717 4755 regnum
1737 4698 1805 4755 spe-

194 4785 382 4848 conjecmram
404 4780 589 4837 divinationis.
611 4776 696 4846 Quod
709 4776 736 4834 si
753 4789 807 4848 est,
824 4789 900 4834 certe
915 4796 974 4835 non
1020 4778 1113 4837 rabat.
1129 4776 1234 4835 Eadem
1243 4790 1286 4835 est
1298 4777 1440 4835 sententia
1450 4774 1650 4834 Santi-Crucii
1664 4774 1696 4831 in
1711 4776 1804 4833 Me'm.

196 4870 303 4929 lsidori
317 4885 379 4929 erat
398 4872 581 4949 conjectura,
607 4874 656 4932 sed
680 4873 814 4951 Pytheas,
833 4893 918 4949 quem
944 4875 977 4932 in
1020 4875 1178 4930 dedAcad.
1196 4884 1215 4929 t.
1236 4872 1259 4929 L
1276 4892 1304 4950 p.
1321 4892 1368 4947 79.
1385 4871 1452 4929 llaec
1469 4860 1560 4946 igitur
1581 4871 1675 4949 ipsius
1696 4868 1805 4927 isidori

195 4968 248 5024 hac
263 4988 294 5025 re
304 4967 408 5026 Noster
430 4982 544 5027 secutus
561 4982 623 5041 est,
639 4971 725 5029 sicuti
740 4970 862 5028 eundem
879 4972 976 5046 sequi·
1022 4981 1102 5026 aetate
1125 4982 1301 5039 evenerunt,
1318 4966 1425 5042 viginti
1441 4966 1534 5025 tribus
1552 4966 1611 5025 lere
1622 4964 1706 5023 annis
1725 4976 1805 5021 ante-

195 5074 243 5119 tur
253 5065 284 5119 in
299 5063 467 5122 deliniendo
484 5064 595 5123 ambitu
607 5064 774 5127 Britanniae.
792 5064 905 5124 Deinde
916 5065 977 5124 Pli·
1022 5082 1108 5141 qnam
1123 5062 1260 5120 Parthica
1272 5082 1325 5121 sua
1336 5062 1542 5123 conscriberet.

197 5157 264 5214 nius
279 5156 350 5214 dicit
361 5177 392 5216 se
407 5159 437 5217 in
452 5157 652 5218 describendis
661 5160 848 5235 regionibus,
863 5160 899 5219 de
911 5162 977 5236 qui·
1066 5180 1130 5233 ¹29·
1147 5160 1232 5228 Quod
1243 5160 1279 5217 de
1294 5160 1458 5235 Artemitis,
1475 5180 1568 5239 graeco
1579 5158 1805 5239 Apolloniatidis
