3775 5750
192 361 250 411 290
658 335 841 397 ruodrut
865 334 1049 411 (atulam
1094 335 1146 396 UT
1168 334 1340 410 raama)
1752 333 1810 410 (aa.)

190 484 324 547 καλεῖται,
337 474 370 531 rh
386 472 412 531 δὲ
426 467 632 551 παραθαλάσσια
649 464 834 546 Συραστρηνιί.
881 466 975 525 Πολυ-
1024 474 1155 527 maritima
1174 484 1262 527 autem
1275 474 1435 544 Syrastrene.
1473 472 1556 524 Feras
1577 472 1650 541 regio
1665 469 1813 531 linmenil,

191 558 267 647 ρόρος
279 564 306 623 δὲ
322 562 424 641 ἡχώρα
439 560 511 617 σίτου
523 557 568 616 καί
580 554 673 636 ὀρύζης
691 554 737 613 καί
751 554 840 612 ἐλαίου
859 552 978 628 αηοαμί-
1022 562 1112 624 orizae,
1127 559 1177 612 olei
1194 561 1326 623 msamini,
1341 557 1444 628 butyri',
1460 558 1574 628 (πρωί,
1588 557 1736 628 multaque
1749 560 1814 611 ibi,

190 680 235 715 νου
250 654 295 713 καί
311 648 435 731 βουτύρου
451 646 496 705 καί
506 644 644 726 καρπάσου
655 641 701 702 καί
710 645 761 701 τῶν
772 642 797 710 ἐξ
813 644 893 713 αὐτῆς
905 640 979 700 Ἰνδι-
1022 648 1143 716 gossypio
1166 644 1257 697 indico
1278 644 1335 697 tela
1362 643 1539 696 coniiciuntur
1563 654 1634 697 uotae
1657 644 1813 705 infer-ioris,

192 746 246 801 κῶν
258 740 362 801 ὀθονίων
376 739 428 795 τῶν
440 733 565 814 χυδαίων·
580 722 703 811 βόυκόλια
715 726 742 787 δὲ
752 731 854 808 isaia-[i
866 730 978 787 πλείστα
1023 733 1148 785 annectis
1164 732 1237 801 regio
1249 730 1382 794 abundat;
1397 731 1468 784 viros
1481 730 1566 783 nutrit
1576 740 1677 783 statura
1692 734 1814 802 cor-poris

71 864 75 871 .
165 831 240 891 εκαί
256 828 346 909 ἄνδρες
368 820 550 901 ὑπερμεγέθεις
564 823 603 899 τῷ
626 818 731 895 σώματι
756 818 801 876 καί
824 817 979 893 μίλανιςτῇ
1025 816 1815 888 maximos,oolorenigros.(*aputregiouisllinnagaraurhs,

194 925 282 999 μροιᾷ.
325 906 534 990 Μητρόπολιςδί
548 911 594 977 τῆς
605 905 695 986 χώρας
707 902 880 983 Μιννοίγαρα,
892 902 937 983 ἀφ’
948 894 980 973 ἧς
1024 923 1057 957 ex
1070 923 1123 975 qua
1135 904 1192 957 telae
1202 922 1218 957 e
1229 904 1350 975 gossypio
1365 902 1439 957 sactae
1450 920 1529 973 quam
1540 902 1669 974 plurimas
1682 905 1816 973 Barygm

194 986 239 1064 rial
252 1003 374 1062 altiores
386 998 483 1058 ὀθόνιον
502 998 538 1063 είς
557 994 701 1072 Βαρύγαζα
719 993 874 1069 κατάγεται.
919 992 980 1053 Σόν·
1024 992 1200 1046 devehuntur.
1236 994 1383 1063 Supersunt
1401 992 1553 1045 etiamnunc
1568 990 1715 1044 Alexandri
1737 1010 1816 1061 expe
1869 1039 1870 1044 ,

193 1098 265 1159 ζιται
281 1090 308 1148 δὲ
321 1088 359 1148 ἔτι
371 1088 416 1147 καί
430 1090 477 1143 νῦν
491 1088 537 1155 τῆς
553 1080 720 1161 Ἀλεξάνδρου
740 1089 866 1161 στρατιᾶς
882 1086 980 1155 σημεῖα
1025 1077 1135 1131 ditionis
1146 1080 1173 1130 in
1182 1078 1224 1131 lais
1236 1077 1301 1130 locis
1313 1087 1495 1142 monumenta,
1507 1076 1598 1129 sacella
1611 1078 1725 1147 antiqua
1734 1089 1765 1131 et
1777 1096 1816 1129 ca·

193 1180 253 1259 περί
267 1174 441 1244 τοθςτότιους,
452 1170 510 1251 ἱεραί
530 1193 558 1229 τε
578 1172 677 1249 ἀρχαῖα
688 1167 733 1225 καί
750 1169 864 1243 θεμέλιοι
876 1189 980 1245 παρεμ-
1024 1176 1141 1219 strenam
1162 1163 1333 1218 fundamenta
1350 1177 1377 1217 et
1393 1166 1466 1235 putei
1485 1165 1603 1218 maximi.
1641 1168 1818 1219 Praetermri·

155 1291 180 1325 νυ
195 1266 279 1325 θολδίν
293 1262 338 1323 καὶ
352 1259 452 1341 φρέατα
466 1258 587 1334 pipard.
630 1254 665 1315 ‘0
677 1254 706 1313 δί
716 1254 871 1333 παράπλους
882 1254 981 1324 ταύτης
1025 1254 1095 1321 gatio
1108 1250 1164 1322 ejus
1176 1262 1274 1305 hactus
1286 1251 1349 1304 inde
1364 1271 1381 1305 a
1393 1251 1534 1305 Barbarioo
1546 1270 1631 1322 usque
1650 1252 1687 1304 ad
1702 1254 1817 1323 Papium

192 1357 240 1425 τῆς
251 1351 340 1431 χώρας
353 1348 405 1405 ἀπὸ
417 1350 463 1404 τοῦ
475 1345 644 1425 Βαρθαρικοθ
658 1342 736 1422 μίχρι
745 1346 791 1401 τοῦ
804 1340 873 1400 κατὰ
887 1340 980 1400 'herai
1025 1341 1239 1411 promontorium
1252 1357 1334 1410 prope
1348 1343 1488 1410 Astaoapra
1503 1341 1531 1391 in
1545 1339 1668 1410 opposito
1677 1342 1820 1410 Barygaza

194 1462 283 1521 καπρα
297 1437 380 1518 πέραν
402 1433 563 1513 Βαρυγυίζων
583 1431 760 1511 ἀκρωτηρίου,
773 1433 820 1500 τῆς
835 1428 979 1507 λιγομίνης
1026 1426 1103 1481 litore
1113 1429 1208 1492 situm,
1220 1425 1365 1480 stadiorum
1377 1437 1417 1480 est
1429 1436 1470 1479 ter
1480 1426 1560 1479 mille.

197 1530 332 1598 Παπικῆς,
345 1524 400 1582 ἐστί
411 1522 524 1579 σταδίων
537 1518 694 1599 τριςχιλίων.

234 1634 273 1678 ιι.
292 1612 358 1673 Μεθ’
376 1604 406 1682 ἧς
424 1608 510 1687 ἕτερός
529 1611 584 1667 ἔστι
603 1606 714 1677 κόλπος,
725 1603 778 1663 tro
790 1602 929 1682 supultus,
947 1605 983 1670 είς
1063 1610 1108 1669 aa.
1128 1607 1192 1658 Post
1205 1604 1318 1675 Papicen
1338 1603 1404 1657 alius
1416 1606 1490 1657 sinus
1503 1605 1573 1657 intra
1586 1605 1721 1657 llucnrurn
1736 1607 1818 1675 impe·

154 1724 177 1760 ιι
196 1700 274 1759 αύτίνν
288 1696 400 1757 ἐνδύνων
415 1694 459 1753 τὸν
474 1693 579 1773 βορέαν,
594 1682 624 1750 ού
637 1690 707 1750 κατὰ
721 1689 770 1767 μίν
784 1690 814 1749 τί
831 1688 918 1765 στόμα
931 1692 981 1760 νῆ-
1027 1701 1098 1755 ῑυιιι,
1115 1707 1205 1742 versus
1221 1690 1329 1743 boream
1338 1688 1550 1760 tendens,cujus
1567 1688 1602 1743 ad
1617 1691 1721 1743 usuum
1735 1693 1818 1744 insula

196 1786 240 1853 ούς
252 1788 322 1845 ioris
342 1788 359 1855 ἡ
373 1783 502 1860 λεγομίνη
524 1777 659 1851 Βονώνης,
681 1781 707 1837 ἐν
723 1776 750 1835 δὲ
769 1784 824 1843 τοῖς
843 1775 983 1842 traxero<
1026 1787 1067 1830 est
1076 1778 1183 1829 Baeones
1189 1776 1260 1829 dicta
1268 1814 1276 1837 ,
1285 1776 1313 1827 in
1321 1776 1426 1829 intumo
1434 1786 1521 1829 autem
1531 1794 1635 1828 recessu
1647 1778 1751 1830 fluvius
1759 1796 1818 1849 per.

196 1874 284 1941 τόποις
303 1871 423 1950 μέγιστος
440 1868 584 1947 ποταμδςό
602 1866 740 1945 λεγόμενος
760 1866 841 1931 Μαίῐς.
882 1866 982 1926 Τοῦτον
1027 1880 1153 1933 magnus,
1167 1863 1214 1932 qui
1226 1863 1294 1913 Mais
1304 1860 1457 1933 appellatur.
1493 1862 1695 1927 Huncsinum,
1716 1874 1819 1917 m.

195 2123 363 2177 Ptolemaeum
386 2120 477 2174 Abiria
497 2136 552 2171 non
572 2116 713 2171 Indiaesed
734 2114 909 2186 Indosoythiae
923 2132 984 2185 pars
1027 2112 1106 2165 simili
1123 2112 1204 2165 modo
1214 2112 1340 2174 recurrit,
1353 2109 1420 2163 adeo
1432 2120 1461 2163 ut
1473 2110 1597 2163 omnihus
1606 2112 1663 2164 istis
1674 2112 1744 2165 locis
1758 2133 1817 2167 rum
1872 2138 1874 2220 μ

194 2212 243 2255 est.
254 2202 356 2255 Nomen
364 2208 494 2270 superstes
503 2212 558 2249 esse
569 2195 706 2249 videturin
713 2194 985 2263 tribuquaenuncvo=
1028 2192 1149 2245 Fabricio
1160 2192 1259 2251 τούτους
1269 2188 1445 2261 supplendum
1461 2207 1516 2241 csse
1527 2208 1581 2242 noo
1595 2189 1630 2241 sit
1644 2208 1711 2243 rem
1724 2194 1815 2245 simile.

196 2291 270 2335 catur
278 2280 433 2333 Aliallam
447 2278 555 2347 stirpem
566 2293 598 2328 ex
611 2275 704 2347 priscis
718 2274 788 2328 λιθία
801 2271 985 2342 Indicierepe·
1031 2272 1042 2339 ΙΙ
1054 2288 1143 2325 -ιο.
1154 2272 1228 2324 Putei
1238 2270 1280 2321 isti
1291 2278 1468 2321 etcastrorum
1477 2267 1593 2338 reliquiae
1604 2287 1692 2339 quum
1701 2272 1738 2325 ad
1746 2274 1816 2325 Delta

195 2358 303 2412 tendam
311 2368 347 2422 et,
358 2374 440 2427 quum
454 2356 524 2407 circa
530 2354 648 2425 emporia
656 2351 735 2423 hujus
745 2362 844 2405 tractus
853 2350 985 2403 consedis-
1027 2349 1088 2403 Indi
1099 2350 1127 2404 ll.
1142 2350 1300 2421 pertincant,
1310 2348 1390 2400 rerba
1400 2348 1455 2417 περί
1463 2347 1519 2408 τούς
1531 2348 1620 2410 τόπους
1632 2350 1733 2403 eodem
1742 2370 1815 2405 sensu

196 2447 245 2503 set,
266 2436 468 2491 celebratissimo
479 2435 507 2486 in
527 2432 747 2485 commerciorum
770 2432 878 2484 historia
900 2429 986 2501 Ophir
1028 2428 1171 2483 dictasunt
1186 2444 1241 2499 quo
1251 2427 1375 2498 deinceps
1386 2426 1466 2480 verba
1481 2427 1570 2494 ταύτης
1581 2432 1624 2494 τῆς
1645 2430 1744 2499 χώρας.
1763 2436 1773 2500 p
1786 2463 1818 2473 -

196 2516 299 2571 nomini
311 2532 400 2569 ansam
410 2512 551 2584 prebuisse
562 2522 651 2565 censet
663 2506 895 2579 Lassenius‚cujus
903 2509 984 2561 ratio·
1030 2523 1073 2561 ιι.
1090 2506 1170 2559 κατὰ
1183 2504 1378 2575 ’Δατάκατρα
1390 2506 1485 2575 αίραν
1497 2506 1526 2559 Β.
1538 2508 1549 2577 ]
1562 2506 1624 2560 κατὰ
1634 2508 1702 2561 ἄπα
1713 2510 1817 2581 salapi-

195 2613 242 2647 nes
252 2592 377 2649 subducit
386 2594 501 2646 Ritterus
515 2592 590 2655 XIV,
602 2606 631 2661 p.
643 2589 696 2658 ³9⁰
705 2606 763 2660 sqq.
780 2590 791 2658 ΙΙ
802 2618 839 2629 -
851 2605 874 2641 ι.
891 2587 985 2658 liutpe-
1027 2604 1103 2657 παραυ
1118 2588 1150 2639 Β.
1165 2586 1288 2639 hocloco
1300 2584 1395 2649 codex,
1411 2584 1457 2637 sed
1469 2584 1561 2655 infra§
1577 2588 1612 2649 43
1625 2586 1656 2640 τίν
1667 2588 1719 2659 πρὸ
1736 2588 1817 2643 ’lesa

197 2672 288 2743 οτρηνιί
301 2672 329 2725 ίι.
341 2670 360 2724 l.
375 2669 470 2735 codex,
482 2667 553 2736 sads
564 2671 599 2731 θίι
608 2666 776 2738 Συραστρηνή,
786 2678 817 2720 ut
829 2667 986 2721 Ptolemaeus
1028 2668 1147 2736 ηύμτιρων
1159 2663 1309 2735 ἀκρωτήριον
1323 2663 1339 2730 ἡ
1353 2661 1450 2728 Παπικὴ
1463 2664 1597 2735 λεγομένη.
1615 2666 1723 2721 foliato
1734 2670 1816 2722 Prok-

195 2752 259 2815 Vll,
271 2768 283 2804 1
298 2767 304 2803 :
319 2748 335 2817 ἡ
354 2749 381 2801 δὲ
393 2748 449 2819 περὶ
459 2746 490 2801 τδι
503 2748 619 2817 στόματα
634 2750 677 2799 τού
699 2745 779 2799 Ἰνδοῦ
793 2744 860 2813 ναίὴ
874 2745 930 2816 aspi
941 2744 985 2798 τθν
1029 2762 1095 2797 moeo
1106 2746 1173 2809 vn,
1187 2760 1199 2796 1
1210 2782 1218 2809 ,
1228 2747 1244 2811 §
1255 2748 1303 2808 60,
1316 2742 1363 2795 uhi
1376 2741 1526 2814 λστύκαπρα
1536 2756 1712 2812 maturatur,
1725 2749 1816 2801 Nostra

196 2826 274 2881 ίίάνθι
294 2826 387 2880 κόλπον
400 2823 567 2896 aspamam
590 2823 666 2878 ldem
686 2824 826 2896 llupdcrpas
846 2826 933 2896 κώμην
950 2824 985 2878 ad
1029 2832 1201 2878 correxerunt
1218 2822 1341 2876 editores.
1365 2824 1418 2876 Pro
1431 2824 1516 2894 πέραν,
1535 2824 1607 2896 quod
1625 2825 1715 2880 codex
1730 2828 1815 2892 hahet,

196 2905 384 2960 Canthisinum
394 2905 587 2958 notat.Sanscr.
596 2903 803 2973 regiosurdstra,
811 2905 831 2961 i.
839 2921 862 2956 e.
874 2921 985 2973 regnum
1000 2907 1007 2921 ‘
1028 2905 1118 2958 nescio
1127 2920 1176 2956 cur
1185 2902 1300 2956 ἀπέναντι
1309 2902 1422 2956 soluerit
1434 2902 1574 2956 Salmasius
1585 2903 1697 2974 ejusque
1707 2919 1815 2960 sectato·

197 2983 330 3057 pulcrum.
353 2985 364 3054 ΙΙ
384 3014 421 3026 -
434 2989 461 3038 6.
482 2983 687 3054 Μιννύγαρα]
706 2981 824 3036 Eandem
842 2981 935 3036 urbem
951 2982 986 3035 ad
1029 3001 1081 3036 res.
1096 2985 1137 3034 Dc
1149 2983 1202 3034 situ
1219 2981 1270 3034 loci
1287 2981 1408 3034 dissentit
1430 2982 1595 3047 Ptolemaeus,
1616 2985 1661 3036 oui
1675 2988 1815 3058 Astaeapra

197 3064 324 3118 orientale
336 3063 403 3117 latus
412 3061 542 3117 Namnadi
556 3062 629 3116 llurii
641 3061 751 3115 collocat
761 3061 924 3115 Ptolemaeus.
933 3063 985 3115 Ra·
1029 3064 1057 3114 in
1070 3061 1267 3114 mediterraneis
1283 3078 1300 3113 a
1314 3062 1432 3132 Sprastra
1447 3063 1506 3114 vico
1518 3062 1625 3116 boream
1641 3081 1745 3118 versus.
1759 3069 1771 3134 ll
1783 3098 1814 3108 -
1874 3046 1875 3101 l

197 3144 268 3197 tione
279 3153 351 3197 caret
364 3142 435 3214 quod
450 3141 669 3195 Schwanbeclrius
682 3159 732 3194 nec
746 3158 801 3194 non
813 3139 910 3211 Benley
928 3139 946 3194 l.
965 3141 983 3192 l.
1032 3141 1073 3194 13.
1084 3141 1224 3206 Παιτικῆς
1236 3140 1246 3210 ]
1259 3139 1643 3194 Pmmontoriumhociterum
1654 3155 1814 3197 memoratur

198 3223 207 3294 (
213 3223 338 3277 dubitans
345 3221 448 3293 umen)
461 3221 530 3275 hanc
539 3222 721 3290 Minnagaram
731 3218 987 3273 nondiversamesse
1029 3218 1098 3271 inira
1110 3223 1126 3286 ς
1138 3219 1182 3282 43.
1197 3220 1321 3272 Ceterum
1340 3218 1451 3284 Παιτικῆς
1465 3219 1573 3272 nomine
1586 3238 1642 3273 non
1655 3221 1744 3275 solum
1757 3243 1812 3294 pro

197 3312 292 3373 putant
305 3320 319 3355 a
330 3303 484 3371 Minnagara
497 3298 673 3371 Indoscythiae
692 3297 727 3352 ad
744 3297 842 3351 indum
856 3296 984 3361 llurium3
1030 3299 1194 3352 montorium
1203 3296 1603 3369 appellatumessevidctur‚sed
1612 3302 1694 3354 edam
1703 3302 1813 3372 μιαίνειν

198 3381 331 3436 Ptolemaei
350 3383 422 3435 enim
449 3393 606 3433 consensum
631 3397 686 3432 non
717 3377 805 3448 magni
824 3375 984 3440 laciendum,
1029 3377 1238 3448 eisoopulorum
1249 3377 1754 3447 taenia,quaeindeaGogelrmeridiem
1764 3401 1813 3435 m.

198 3460 295 3530 quippe
313 3459 360 3529 qui
374 3476 422 3511 sua
443 3475 458 3510 a
480 3459 577 3511 Nostro
597 3455 780 3528 desumpserit.
793 3457 986 3522 Argumentum
1029 3472 1075 3508 sus
1085 3473 1138 3508 orae
1151 3454 1334 3528 pretenditur.
1353 3456 1487 3508 Fabricius
1500 3459 1629 3509 Guaemre
1639 3460 1759 3526 regionis
1771 3479 1813 3513 no

199 3538 334 3591 sententia
346 3554 399 3589 ιιοιι
422 3535 576 3600 attulerunt,
591 3552 677 3604 neque
694 3543 789 3606 praesto
807 3533 885 3586 luisse
897 3533 986 3586 cristi·
1030 3551 1092 3586 men
1107 3534 1229 3588 Indicum
1249 3534 1283 3587 ad
1301 3535 1514 3606 promontorium
1535 3534 1698 3589 transferens
1717 3541 1812 3610 scripsit

198 3633 261 3668 mes.
275 3617 342 3669 Sane
350 3613 457 3685 quidem
466 3631 549 3686 quum
559 3615 712 3684 Minnagara
723 3611 850 3684 significet
861 3613 986 3672 Sacarum
1029 3615 1143 3683 Δαρικῆς.
1162 3611 1243 3681 Quod
1255 3631 1312 3666 non
1329 3629 1526 3677 memorassem,
1541 3615 1591 3667 nisi
1609 3633 1711 3669 nomen
1728 3621 1812 3671 Ritteri

199 3692 303 3758 urbem,
314 3691 448 3746 offendere
458 3693 521 3746 urhs
534 3694 616 3764 possit
627 3694 655 3746 iu
666 3695 772 3761 regione
783 3711 862 3762 quam
872 3711 933 3746 rere
941 3697 986 3746 ln·
1029 3693 1124 3761 (XIV,
1140 3709 1169 3764 p.
1179 3693 1386 3763 393)couamini
1395 3711 1444 3745 suo
1453 3703 1552 3746 temere
1563 3695 1751 3764 pretendcra
1767 3705 1812 3765 [-

197 3769 284 3824 dicam
310 3782 401 3825 auctor
421 3771 496 3825 dicit.
517 3773 661 3826 Enimvero
680 3789 763 3842 quum
785 3771 848 3826 olim
874 3789 986 3842 regnum
1033 3773 1074 3824 13.
1087 3771 1311 3841 τρισχιλίωνί.
1320 3773 1374 3824 Ter
1385 3771 1455 3824 mille
1466 3772 1550 3826 stadia
1562 3771 1668 3827 indeah
1680 3777 1812 3830 lndiostio

198 3849 353 3919 Scytharum
366 3849 417 3903 late
430 3851 564 3920 patuisset,
576 3868 630 3904 non
645 3860 684 3904 cst
695 3869 743 3904 cur
759 3851 938 3920 Minnagar-am
958 3853 985 3904 in
1030 3851 1154 3904 Reclelet
1163 3850 1305 3903 Eutharico
1313 3868 1385 3921 emp.
1394 3867 1478 3920 usque
1486 3850 1520 3904 ad
1531 3856 1749 3921 promontorium
1760 3875 1811 3926 per·

198 3926 263 3980 hod.
277 3931 405 3981 Guzemte
416 3929 560 3994 miremur;
576 3946 637 3982 nam
658 3930 762 3983 tertiam
773 3930 851 3982 etiam
862 3928 919 3999 ejus
936 3948 985 3983 no·
1029 3931 1115 3984 tinent
1127 3929 1200 4000 quod
1211 3947 1290 4000 supra
1303 3929 1519 3983 Diouliulocum
1530 3933 1675 4001 procurrit.
1688 3935 1812 3987 Promon-

199 4007 277 4060 minis
287 4007 378 4061 urbem
392 4008 426 4062 ad
440 4009 613 4078 Gangeticum
627 4009 716 4062 sinum
729 4008 883 4062 Ptolemaeus
895 4009 983 4064 allert.
1029 4011 1100 4062 torio
1110 4008 1211 4080 adjacet
1221 4008 1390 4079 scopulorum
1402 4010 1490 4073 ταινία,
1502 4008 1601 4076 Πακικὴ
1614 4012 1712 4083 peripli
1725 4017 1812 4067 nostri.

198 4089 297 4140 Everso
312 4088 467 4158 Scytharum
481 4087 607 4159 imperio,
631 4089 741 4142 nomina
766 4098 854 4141 tamea
877 4081 991 4142 urbium'
1030 4089 1100 4141 llinc
1112 4088 1145 4142 ad
1161 4089 1267 4141 horeum
1281 4105 1329 4141 ora
1349 4088 1439 4154 flectit,
1453 4091 1579 4160 sinusque
1596 4103 1749 4147 wetehu-
1760 4113 1813 4147 ears

197 4163 378 4236 Scythicarum
393 4165 548 4232 manebant,
560 4167 637 4220 sicin
649 4177 748 4220 anteoc.
761 4167 894 4237 regionem
906 4185 986 4237 quam
1029 4165 1144 4237 demque
1162 4167 1216 4220 lere
1228 4166 1393 4220 latitudinem
1406 4184 1490 4236 usque
1504 4166 1539 4220 ad
1550 4169 1675 4223 intimum
1687 4189 1813 4226 messum

198 4245 286 4298 Parthi
299 4245 401 4315 Scythis
412 4247 573 4315 eripuerant,
590 4245 723 4317 Scythiam
740 4258 839 4312 tamen,
851 4256 878 4300 et
887 4247 986 4316 regiam
1030 4248 1134 4300 retinet
1149 4249 1225 4300 Hanc
1238 4247 1389 4299 interiorem
1402 4248 1476 4298 sinus
1488 4257 1591 4317 partem
1601 4257 1697 4302 auctor
1710 4252 1815 4322 appellat

197 4325 378 4395 Minnagaram
390 4324 513 4396 appellari
528 4324 651 4379 vidimus.
663 4327 695 4379 ln
705 4330 833 4381 Guaerate
850 4325 935 4398 prisca
944 4346 985 4379 re-
1031 4325 1114 4395 ίτερον
1122 4325 1216 4379 κόλπον
1227 4323 1403 4396 (τύπονοοόεκ
1412 4342 1477 4389 ;em.
1485 4328 1652 4392 Manna-tv,
1663 4345 1688 4392 1,
1699 4346 1731 4399 p.
1744 4331 1814 4396 ι65);

196 4405 239 4472 gia
259 4403 350 4470 Ugur’rs,
369 4401 460 4470 Ὀζηνη
472 4404 637 4468 Graecorum,
652 4405 781 4476 aScythis
794 4403 985 4471 ercrsaluerit,
1029 4406 1116 4474 aptius
1127 4404 1234 4458 dixisset
1243 4402 1368 4475 ίνὸύτερον
1376 4405 1616 4470 κύλαονςεοάἰίίυύ
1624 4411 1726 4478 potuit,
1738 4427 1816 4480 quarn

196 4481 263 4536 adeo
280 4493 311 4537 ut
332 4482 462 4537 Indorum
479 4499 563 4554 reges,
584 4495 738 4555 recuperata
756 4486 849 4555 patria,
868 4486 986 4555 primum
1030 4484 1225 4553 Barygarenum
1237 4485 1325 4535 sinum
1338 4485 1426 4535 statim
1443 4487 1629 4553 postBaraoen
1639 4486 1760 4558 incipere
1769 4501 1816 4542 sta·

197 4563 357 4632 Minnagara
388 4562 527 4632 rigerent,
551 4581 635 4633 usquc
664 4562 730 4616 dum
755 4566 842 4618 Omne
867 4567 987 4618 restituta
1030 4564 1111 4615 tuerit
1136 4562 1197 4632 (Cl.
1223 4562 1355 4616 Ptolemaei
1379 4561 1479 4615 tabulas
1493 4562 1519 4634 l,
1545 4563 1665 4634 adeoque
1686 4567 1817 4638 quidquid

198 4647 265 4691 esset
274 4658 282 4702 ς
292 4641 409 4693 restituta
418 4651 506 4696 autern
517 4642 544 4694 in
553 4643 692 4713 pristinam
701 4640 854 4711 dignitatem
863 4641 918 4712 jam
930 4655 987 4698 erat
1030 4641 1149 4710 sequitur
1160 4641 1222 4694 iude
1233 4641 1268 4694 ab
1279 4640 1432 4694 occidentali
1442 4645 1571 4696 Guaerrrte
1578 4644 1726 4714 peninsula)
1735 4656 1817 4697 extm-

199 4716 331 4770 Ptolemaei
354 4729 442 4785 aetate,
463 4721 510 4792 qui
526 4723 633 4774 Ozeuea
655 4719 774 4776 Hastanir
793 4722 891 4789 regiam
909 4721 985 4776 dicit.
1030 4720 1290 4785 mitate,eonomine
1298 4719 1514 4791 comprehendat.

198 4796 351 4864 Minnagara
369 4814 452 4868 quum
469 4817 512 4870 ap.
528 4799 698 4854 Ptolemaeum
716 4799 854 4853 ameridie
868 4800 901 4854 sit
919 4802 986 4854 Oec-
1065 4803 1148 4868 542,
1162 4800 1181 4852 l.
1202 4804 1245 4863 τί..
1264 4799 1324 4852 ἔσω
1335 4801 1504 4870 κυμάτων]
1520 4803 1610 4854 nescio
1629 4819 1664 4854 an
1679 4801 1818 4862 tumtun
1870 4811 1875 4840 ¹

197 4893 254 4940 ares,
265 4874 415 4929 collocanda
425 4875 529 4948 ¹videtur
542 4877 575 4930 ad
588 4877 652 4932 hod.
664 4878 772 4942 ludere,
793 4879 821 4930 in
832 4879 872 4930 via
882 4895 940 4949 qum
951 4879 986 4932 ab
1029 4883 1078 4931 τῶν
1089 4881 1213 4949 κυμάτων.
1229 4881 1240 4948 11
1255 4909 1293 4919 -
1307 4884 1350 4932 16.
1363 4879 1404 4930 lla
1412 4881 1447 4931 ιώ
1455 4899 1489 4946 νη
1497 4882 1527 4950 ς]
1546 4880 1625 4949 vulgo
1636 4881 1750 4935 insulam
1765 4883 1817 4934 Dia

202 4953 284 5022 Ugcirr
297 4952 370 5008 ducit
381 4955 414 5008 ad
426 4956 593 5010 Namnadum
607 4957 768 5027 (It'erdrrbba
781 4957 920 5026 )llurium,
931 4977 986 5028 quo
1030 4975 1102 5011 nune
1118 4959 1215 5012 dictam
1230 4959 1387 5027 intelligunt,
1408 4976 1467 5029 quae
1486 4961 1514 5012 in
1532 4962 1712 5013 narrationem
1725 4963 1816 5033 peripli

198 5049 297 5084 merres
319 5032 346 5084 in
368 5033 498 5103 Barygaza
517 5037 666 5106 cmporium
688 5034 893 5090 devehebantur.
918 5038 928 5105 ΙΙ
949 5067 986 5078 -·
1030 5039 1139 5090 minime
1158 5037 1279 5108 quadrat.
1302 5037 1406 5090 Iudicat
1428 5049 1521 5092 auctor
1541 5038 1653 5092 insulam
1676 5041 1814 5110 exiguam,

198 5129 225 5178 9.
238 5113 312 5180 περί
326 5111 494 5184 [τούτους]
508 5115 563 5176 τούς
581 5117 669 5176 τύπους
682 5133 733 5168 scr.
753 5115 900 5180 Fabricius;
920 5115 982 5168 sort.
1029 5133 1104 5187 quae,
1129 5118 1266 5186 eregionc
1289 5116 1439 5172 Nerdubbae
1457 5118 1546 5181 lluvii,
1570 5121 1700 5171 Guaemte
1724 5121 1816 5190 μειιίνι·

199 5199 283 5242 recte·
300 5209 459 5250 numnquam
477 5193 503 5245 id
524 5193 595 5263 quod
618 5193 700 5246 codex
721 5195 829 5264 μιαίνει,
845 5196 985 5266 saepissime
1030 5197 1092 5249 sulae
1105 5196 1215 5266 adjacet.
1234 5199 1244 5264 ΙΙ
1259 5227 1294 5237 -
1311 5215 1352 5266 r7.
1367 5198 1463 5268 Μύίς]
1481 5196 1561 5251 hodie
1575 5198 1653 5251 arata·
1672 5217 1709 5251 ou
1729 5199 1812 5268 Μόνι-
