3775 5750
172 392 206 442 ta
692 370 893 433 HANNONlS
912 370 1261 436 cautflautttrnusts
1746 369 1779 450 (ι)

168 512 256 569 αὐλῶν
269 506 401 585 ἠκούομεν
413 502 557 583 κυμὸάλων
569 524 598 563 τε
608 502 654 563 καὶ
671 502 817 578 τυμπάνων
832 502 954 580 πάταγον
997 530 1182 584 pauoremque
1190 511 1329 583 strepitum
1345 520 1372 563 et
1381 510 1521 563 clamorern
1535 510 1676 579 ingentem.
1712 510 1778 563 Turn

168 596 214 655 καὶ
233 594 350 676 κραυγὴν
373 592 480 671 μυρίαν.
524 590 615 659 etto<
633 582 678 650 silv
692 590 787 651 ἔλαθεν
802 594 888 669 ἡμᾶς,
906 589 954 650 καὶ
997 612 1085 654 terror
1101 619 1150 654 nos
1163 601 1259 653 invasit
1277 610 1304 653 ct
1322 609 1393 652 vates
1410 598 1558 669 relinquere
1575 599 1685 652 insulam
1698 598 1779 669 jusse-

168 688 193 743 οἱ
206 684 312 761 μάντεις
323 681 441 742 ἐκέλευον
452 680 582 739 ἐκλείπειν
597 678 645 751 τὴν
657 683 747 752 νῆσον.
998 698 1071 741 runt.

209 792 245 833 ts.
271 768 349 849 Ταχὺ
364 770 387 829 θ’
408 766 595 835 ἐκπλεύσαντας
617 766 839 848 παρημιιὸάμεθα
859 764 952 847 χώραν
1035 774 1077 827 15.
1094 772 1221 827 Celeriter
1242 774 1323 843 igitur
1343 772 1508 841 enavigantes
1529 772 1781 843 praetervebebamur
1875 795 1876 798 ¹

168 860 294 939 διάπυρον
308 857 480 935 θυμιαμάτων
495 854 617 934 presbb·
628 854 759 934 με’γιοτ]οι
772 856 796 914 θ’
811 856 858 913 ἀπ’
871 856 953 925 αὐτῆς
997 862 1131 931 regionem
1151 862 1260 932 ignitam
1279 859 1490 913 sullimeutorum
1500 860 1619 931 plenam,
1634 880 1650 914 e
1663 879 1714 932 qua
1730 880 1782 914 nra·

167 1046 235 1099 quos
253 1028 349 1081 Hanno
363 1026 442 1090 vidit,
457 1024 606 1096 explicandi
623 1026 692 1089 sint,
707 1024 802 1095 sepius
815 1024 864 1078 viri
881 1022 955 1076 docti
998 1024 1112 1075 interra
1126 1022 1386 1086 saucibus,hiatibus
1401 1021 1569 1075 eteanelibus
1580 1033 1724 1076 crescentes
1734 1034 1783 1077 sta·
1875 1003 1876 1076 l

168 1116 338 1160 monuerunt.
350 1105 440 1159 Verba
448 1104 570 1159 adscribo
579 1104 688 1173 Klugii:
703 1106 816 1157 uPetrus
825 1104 956 1156 Cintraeus
998 1102 1047 1153 tim
1063 1102 1221 1172 corripiunt.
1244 1102 1322 1153 Tunc
1337 1101 1371 1154 ab
1388 1100 1470 1153 altera
1490 1100 1619 1154 clivorum
1641 1113 1717 1173 parte
1737 1120 1783 1173 per
1875 1097 1876 1124 ³

168 1184 284 1258 (Piedm
297 1184 328 1237 de
341 1184 432 1238 Cintra
450 1186 478 1237 in
499 1183 649 1237 Cadamosti
664 1182 776 1254 itinere)
800 1182 869 1235 hanc
880 1198 957 1235 oram
998 1179 1106 1233 eusdem
1119 1180 1222 1233 canales
1239 1178 1426 1243 devolvuntur,
1446 1180 1476 1231 in
1488 1180 1586 1250 quibus
1597 1199 1666 1251 aqua
1681 1180 1783 1253 delapsa

166 1274 350 1336 praetervectus
362 1274 495 1317 nocturno
506 1273 624 1333 tempore
638 1260 786 1332 frequentes
800 1261 873 1331 ignes
887 1262 958 1314 inter
999 1270 1070 1325 erat,
1085 1269 1112 1313 et
1122 1276 1156 1312 eo
1166 1258 1275 1313 demum
1288 1259 1347 1311 loco
1358 1260 1571 1327 exstinguuntur,
1587 1259 1633 1314 ubi
1645 1272 1783 1315 montanus

166 1342 273 1395 arbores
284 1352 309 1395 et
322 1344 349 1395 in
361 1343 419 1413 ripa
429 1341 576 1411 conspexit,
587 1358 654 1411 quos
666 1339 757 1393 incolae
767 1339 955 1404 accenderant,
999 1338 1096 1391 lluvius
1112 1339 1140 1390 in
1152 1355 1225 1389 mare
1235 1336 1393 1391 effunditur.
1405 1341 1463 1410 Ego
1477 1338 1635 1413 (Bruceus)
1650 1358 1719 1411 sepe
1735 1341 1783 1393 boc

168 1431 198 1474 ut
208 1420 380 1493 popularibus
391 1420 445 1471 suis
456 1416 607 1490 prodigium
618 1416 752 1489 quoddam
764 1418 876 1489 spectari
885 1418 957 1471 indi·
999 1416 1177 1488 spectaculum
1189 1416 1245 1469 vidi
1260 1426 1287 1470 et
1299 1419 1395 1469 viatori
1414 1430 1441 1473 et
1453 1420 1594 1491 peregriua
1611 1418 1658 1471 bas
1669 1419 1783 1473 flammas

166 1510 265 1553 carent.
277 1502 369 1567 Quum
381 1498 453 1550 enim
466 1498 585 1550 Lusitani
597 1498 700 1566 navigia
711 1497 783 1549 litori
801 1506 958 1567 promonto-
998 1493 1093 1566 procul
1105 1496 1218 1548 intuenti
1231 1513 1375 1566 earumque
1383 1515 1488 1551 causm
1498 1498 1576 1569 plane
1587 1499 1719 1567 ignoranti
1729 1502 1784 1553 sine
1875 1503 1876 1526 ³

165 1580 199 1631 rii
212 1576 312 1631 Viridis
323 1576 494 1649 appulissent,
512 1576 654 1645 Azamagbi
668 1576 814 1629 vicinamm
826 1586 956 1628 terrarum
999 1571 1083 1626 dubio
1099 1572 1221 1627 ardentes
1238 1585 1369 1628 torrentes
1385 1587 1530 1647 appareant
1546 1595 1652 1631 necesse
1667 1588 1716 1631 est.
1731 1604 1784 1624 »-

166 1657 259 1711 incolae
279 1656 446 1710 vehementer
465 1665 566 1708 tenore
586 1656 702 1727 percussi
721 1654 863 1725 fugerunt,
883 1654 957 1726 quod
998 1652 1075 1705 Idem
1091 1653 1120 1705 in
1137 1652 1293 1707 occidentali
1313 1654 1409 1708 atr-tea
1426 1674 1474 1709 ora
1488 1656 1545 1709 ficri
1563 1668 1685 1711 accurate
1700 1670 1784 1713 nenat

166 1754 246 1789 nares
266 1738 460 1807 Europeorum
480 1733 609 1805 putabant
627 1734 746 1787 volucres
765 1751 820 1786 esse
842 1734 955 1800 bestias,
999 1731 1160 1786 Adeamus
1173 1735 1202 1785 in
1219 1734 1313 1787 itinere
1326 1732 1360 1786 ad
1382 1736 1509 1806 Senegam
1525 1735 1594 1790 sacto
1612 1735 1679 1807 (ed.
1694 1738 1782 1791 Germ,
1875 1737 1876 1772 ³

166 1814 233 1868 albis
243 1814 289 1868 alis
299 1816 449 1879 instructas,
459 1830 518 1885 quae
530 1813 618 1884 paullo
627 1823 687 1884 post
698 1814 839 1866 contractis
848 1814 957 1866 navium
998 1827 1028 1883 p.
1049 1812 1098 1880 ¹93
1115 1811 1137 1883 ).
1151 1811 1271 1869 Eandem
1287 1830 1344 1867 rem
1357 1812 1438 1867 relert
1451 1818 1552 1883 strango
1565 1814 1681 1869 Parlrius
1695 1815 1785 1887 (ltebe

167 1894 231 1947 velis
241 1894 268 1945 in
284 1912 352 1947 nova
362 1903 480 1946 monstra
499 1902 605 1947 mutatae
617 1891 770 1945 viderentur
785 1890 842 1962 (V.
855 1892 960 1959 Abrege
999 1912 1049 1948 aus
1060 1894 1118 1947 dem
1130 1895 1209 1962 Engl.
1221 1896 1309 1949 Berlin
1321 1913 1399 1966 1799,
1412 1916 1440 1970 p.
1454 1899 1505 1951 233
1519 1898 1548 1969 ):
1564 1922 1575 1943 ι
1590 1899 1784 1969 Crematiogra·
1875 1905 1876 1974 ᾖ

166 1972 199 2025 de
221 1972 360 2026 l'Hr'stoire
381 1971 499 2040 gindrele
518 1970 564 2024 des
584 1988 710 2041 sejugas,
730 1981 796 2024 tom.
815 1972 856 2035 11,
876 1987 904 2041 p.
927 1990 954 2039 9.
999 1974 1104 2026 minum
1125 1972 1197 2044 apud
1211 1973 1371 2044 Mandingos
1384 1976 1561 2048 spectaculum
1578 1976 1679 2048 prebet
1692 1982 1785 2050 pariter

166 2054 287 2107 Gossclin
304 2052 323 2105 l.
337 2052 355 2105 l.
371 2070 399 2124 p.
413 2050 476 2124 95.)
491 2076 502 2097 ι
520 2051 616 2105 Idem:
633 2076 644 2097 ι
659 2051 762 2103 Nostris
773 2068 880 2122 quoque
891 2060 958 2103 tem·
999 2050 1139 2107 horridum
1153 2071 1185 2105 ac
1202 2052 1382 2124 magnificum.
1399 2058 1454 2126 Ego
1469 2055 1557 2109 media
1574 2066 1653 2109 nocte
1670 2058 1784 2129 planitie·

165 2134 276 2204 poribus
289 2132 340 2186 bac
349 2150 403 2185 orae
414 2141 488 2203 parte
499 2130 770 2202 aliisqueregiouibus
780 2142 906 2200 maguum
917 2142 957 2185 est
999 2148 1061 2185 rum
1071 2143 1097 2185 et
1107 2132 1235 2185 clivorum
1245 2143 1373 2200 tractum,
1386 2134 1474 2205 quoad
1486 2135 1623 2190 oculorum
1634 2138 1704 2190 acies
1712 2156 1785 2209 pene·

166 2211 283 2265 interdiu
294 2211 442 2276 silentium
453 2210 682 2281 appropinquante
695 2220 782 2263 autern
793 2220 870 2263 nocte
883 2210 957 2280 ignes
999 2220 1071 2264 trare
1084 2222 1189 2282 posset,
1203 2212 1281 2281 igneo
1295 2214 1397 2285 fulgore
1410 2215 1587 2269 illuminatum
1598 2214 1670 2282 vidi,
1683 2228 1709 2270 et
1717 2219 1786 2271 llam·

127 2300 135 2311 ·
166 2289 356 2355 incenduntur,
368 2299 397 2342 et
408 2306 453 2343 aer
464 2299 651 2359 tympanorum
663 2298 690 2341 et
701 2287 881 2359 cymbalorum
892 2300 958 2342 stre·
999 2304 1104 2347 marum
1116 2308 1284 2363 repercussus
1297 2294 1399 2360 effecit,
1412 2306 1444 2348 ut
1456 2295 1552 2348 eaelum
1565 2313 1674 2367 quoque
1683 2298 1785 2367 flagrare
1875 2335 1876 2344 ι

166 2370 227 2441 pitu
241 2368 401 2439 percutitur.
421 2368 495 2437 Nigri
507 2368 578 2421 euim
592 2376 700 2437 propter
712 2367 825 2419 nimium
839 2367 901 2419 solis
915 2385 957 2421 ca·
999 2369 1144 2423 videretur.
1163 2369 1284 2425 Interdiu
1303 2391 1432 2445 vaporum
1453 2374 1641 2445 fumosumque
1662 2375 1785 2431 columne

166 2448 250 2501 loretn
267 2447 295 2499 in
309 2446 380 2499 silvis
391 2445 509 2516 cesisque
524 2447 687 2516 quiescentes
700 2446 842 2516 incipiente
862 2446 957 2516 frigida
999 2447 1121 2518 undique
1133 2450 1373 2521 conspiciebantur,
1386 2462 1412 2505 et
1423 2470 1483 2506 aves
1495 2471 1600 2525 rapaces
1615 2471 1679 2507 eum
1692 2456 1785 2527 impetu

166 2536 244 2579 nocte
258 2524 366 2578 demum
378 2534 522 2594 exsurgunt
535 2533 562 2576 et
574 2540 660 2588 coena,
675 2522 866 2589 saltationibus,
877 2536 957 2579 cantu
999 2526 1071 2580 circa
1080 2528 1203 2583 incendia
1217 2530 1378 2597 volitabant,
1388 2543 1419 2585 ut
1436 2542 1586 2603 serpentes,
1603 2530 1712 2587 lacertas
1724 2546 1786 2589 cete·

166 2604 288 2676 ludisque
310 2603 478 2657 tumultuosis
497 2602 670 2656 delectantur.
692 2601 767 2655 Idem
785 2604 902 2655 Bruueus
922 2602 957 2658 de
999 2622 1097 2676 rosque
1108 2626 1210 2662 vermes
1230 2620 1380 2681 captarent,
1395 2614 1416 2663 si
1434 2629 1487 2682 qua
1501 2630 1534 2665 er
1550 2612 1665 2666 flammis
1676 2615 1786 2685 elingere

166 2684 309 2753 Shangallis
322 2682 412 2748 tradit,
426 2700 480 2753 quo
491 2682 629 2736 llannouis
642 2682 759 2735 narratio
770 2682 836 2736 bene
846 2682 958 2737 illustra·
999 2699 1170 2743 conarentur.
1187 2715 1198 2735 ι
1213 2690 1274 2742 Ηυο
1283 2691 1399 2761 pertinet
1418 2710 1525 2763 quoque
1542 2694 1721 2749 memorabilis
1732 2714 1786 2748 uar-

166 2771 221 2827 tur,
236 2772 263 2814 et
279 2762 356 2815 aliam
379 2778 482 2813 causam
504 2759 594 2823 addit,
612 2775 661 2812 cnr
684 2769 816 2815 nocturno
838 2771 957 2834 tempore
1001 2769 1084 2831 ratio,
1097 2768 1192 2840 quein
1204 2768 1428 2824 Winterbottomi
1438 2770 1616 2843 descriptione
1625 2774 1786 2827 Sierraelaeo·

166 2842 298 2912 imprimis
309 2850 349 2894 tot
362 2841 434 2910 ignes
454 2838 638 2892 incendantur.
656 2840 747 2906 Quum
764 2842 836 2894 enim
858 2841 958 2898 seroces
1000 2862 1042 2900 ne
1055 2846 1103 2920 (p.
1117 2865 1152 2918 70
1167 2866 1235 2901 vers.
1249 2847 1363 2921 Germ.)
1379 2849 1492 2920 legitur:
1517 2876 1529 2897 ι
1541 2854 1712 2908 Auctumnali
1727 2865 1786 2907 tem-

165 2920 263 2976 Afrieae
285 2920 374 2972 bestiae
394 2929 474 2972 ιιοαιυ
493 2935 525 2971 ex
546 2919 629 2970 antris
644 2929 671 2972 et
689 2919 819 2990 speluncis
840 2923 957 2992 praedam
999 2943 1065 2997 pore
1088 2927 1206 2999 undique
1218 2929 1287 2998 ignei
1302 2947 1411 3001 vapores
1431 2930 1615 2986 columnarum
1628 2933 1713 2987 instar
1726 2935 1786 2988 (velo

166 3009 282 3070 capturae
295 2997 473 3069 egrediantur,
496 2996 566 3050 nulla
583 2997 633 3052 alia
646 3015 676 3072 rc
694 3001 845 3070 agregibus
862 3003 959 3072 Nigro·
999 3018 1145 3076 exsurgunt
1154 3018 1181 3061 et
1192 3019 1272 3061 noctu
1284 3009 1368 3062 nubes
1378 3009 1479 3080 fulgore
1489 3010 1572 3064 rubro
1580 3012 1709 3066 relucent.
1720 3016 1786 3085 Sape

76 3080 79 3089 '
166 3093 227 3130 rum
241 3087 268 3129 et
281 3086 416 3148 pastorum
432 3077 551 3129 tentoriis
563 3077 647 3130 arceri
660 3089 771 3150 possunt
788 3096 868 3150 quarn
882 3081 957 3136 llam·
1000 3087 1119 3154 granrina
1129 3098 1190 3140 octo
1201 3086 1282 3158 pedes
1298 3087 1349 3142 alta
1362 3099 1388 3141 et
1408 3089 1470 3141 solis
1484 3088 1581 3142 ardore
1591 3093 1714 3162 perarida
1725 3093 1786 3146 sacta

167 3157 218 3208 mis
226 3155 345 3225 undique
357 3156 523 3208 micantibus.
537 3180 548 3202 ι
1000 3164 1041 3218 vel
1052 3165 1086 3218 ab
1097 3165 1191 3219 incolis
1205 3165 1386 3221 incenduntur
1407 3168 1448 3220 vel
1460 3185 1508 3220 sua
1524 3179 1618 3239 sponte
1629 3171 1717 3240 ignem
1729 3191 1786 3225 con·

203 3237 219 3303 S
237 3235 278 3288 1⁵.
295 3234 439 3302 lllsorrlv·
458 3237 623 3306 μέγιστοι]
642 3235 729 3307 μεστοὶ
743 3235 836 3292 codex.
854 3239 958 3295 Fortas-
1000 3244 1120 3315 cipiunt,
1132 3243 1207 3315 cujus
1217 3244 1330 3299 flammae
1341 3244 1489 3300 incredibili
1502 3247 1639 3310 velocitate
1651 3261 1732 3321 atque
1742 3254 1786 3304 inr-

166 3313 202 3366 sis
214 3313 307 3367 leniori
326 3331 407 3368 manu
423 3315 519 3385 corrigi
539 3325 616 3385 putes
635 3313 777 3370 scribendo
790 3315 957 3388 θυμιαμάτων
999 3333 1064 3395 petu
1077 3323 1127 3376 late
1135 3323 1321 3379 effunduntur.
1335 3329 1427 3393 Quum
1441 3327 1521 3396 igitur
1528 3327 1614 3381 viator
1623 3330 1689 3384 tales
1703 3333 1786 3402 igneos

167 3391 194 3444 δὲ
217 3391 311 3463 μεστοὶ.
337 3393 393 3462 Ego
416 3391 500 3462 legere
523 3394 612 3447 malim
629 3395 762 3465 διαπύρων.
784 3396 958 3466 Improbandi
1000 3413 1131 3458 torrentes
1142 3405 1193 3458 sibi
1207 3405 1313 3459 obviam
1324 3405 1382 3464 fieri
1394 3406 1482 3472 videt,
1495 3407 1547 3465 boc
1561 3410 1708 3480 periculum
1721 3411 1785 3464 nulla

169 3481 259 3524 autern
272 3469 396 3524 videntur
407 3473 454 3542 qui
465 3489 528 3526 cum
540 3473 630 3542 Hugio
640 3473 871 3544 phoenicissantern
884 3485 957 3545 grte-
1000 3481 1051 3535 alia
1066 3484 1169 3536 ratione
1182 3483 1300 3554 ellegere
1311 3495 1413 3556 potest,
1424 3503 1504 3556 quam
1515 3496 1547 3539 ut
1561 3488 1648 3556 ignem
1664 3491 1785 3543 conllictu

168 3549 274 3602 citatem
291 3547 432 3601 odorantes
449 3548 526 3619 jungi
547 3551 640 3604 volunt
659 3553 776 3622 διάπυρον
796 3553 958 3624 θυμιαμάτων
999 3559 1117 3631 lapidum
1127 3562 1213 3615 eliciat
1224 3563 1292 3616 etab
1311 3562 1420 3616 adversa
1430 3575 1505 3635 parte
1516 3568 1634 3636 gramina
1648 3567 1785 3621 incendens

170 3625 252 3696 (eine
269 3644 320 3678 υοιι
340 3625 558 3701 ltnucltdcempsen
580 3627 752 3697 drtrclrglrt'ltte
768 3632 873 3699 Gegeml
889 3635 958 3688 Klu·
999 3639 1119 3693 llarnmas
1137 3640 1250 3695 llammis
1262 3640 1373 3713 depellat
1385 3643 1507 3713 viamque
1527 3643 1577 3697 sibi
1596 3647 1710 3700 muniat.
1726 3648 1784 3698 ιΕι

168 3705 226 3772 giras
243 3707 320 3758 vertit
334 3704 355 3776 ),
366 3716 445 3775 atque
457 3707 546 3776 μεστὸν
563 3707 662 3778 absque
670 3710 786 3778 genitivo
797 3712 825 3764 in
836 3715 958 3783 prosaico
1000 3717 1050 3771 lrac
1062 3718 1237 3790 explicatione
1248 3721 1328 3774 etiam
1341 3721 1496 3790 intelligitur
1507 3740 1560 3793 qua
1572 3733 1726 3796 tempestate
1739 3725 1785 3778 hoc

89 3827 96 3852 ,
169 3783 297 3853 scriptore
318 3783 378 3836 lerri
393 3786 521 3854 possevel
538 3796 608 3840 certe
625 3805 659 3839 ex
677 3788 832 3843 Phoenicum
854 3791 958 3863 loquela
1000 3797 1664 3875 itersuscepturnsit‚quumauctumnoAEtlrinpes
1674 3805 1785 3874 gramina

169 3858 349 3913 excusandum
366 3877 422 3913 esse
433 3871 560 3917 statuunt.
582 3866 618 3919 At
637 3864 666 3916 lr.
681 3864 699 3916 l.
715 3867 850 3935 sicutsl,
866 3876 908 3936 16,
924 3876 957 3927 ιθ
1000 3877 1144 3932 incendant
1158 3877 1193 3931 ad
1205 3897 1282 3948 agros
1295 3879 1465 3950 impendente
1477 3890 1534 3933 tum
1550 3881 1639 3952 pluvia
1653 3883 1785 3937 fertiliores

172 3937 259 4006 μιοιὸς
277 3955 328 3990 vox
341 3941 456 4008 genitivu
473 3942 565 4011 nequit
583 3959 682 3998 carere.
695 3942 843 4016 θυμιάματα
857 3967 911 4003 nun
923 3951 958 4006 de
999 3955 1163 4022 reddendos;
1184 3958 1258 4030 quod
1277 3969 1382 4030 tompus
1402 3958 1513 4012 coloniis
1532 3960 1679 4015 condendis
1695 3982 1786 4035 oppor-

170 4014 245 4070 liunt)
259 4026 373 4082 tanturn,
386 4017 432 4071 sed
449 4019 483 4072 de
501 4019 576 4074 lurno
591 4020 726 4076 odorifero
734 4023 884 4094 plantarum
903 4029 957 4085 lra-
999 4034 1168 4088 tunissimurn
1188 4047 1254 4090 erat.
1274 4038 1429 4091 Ceterorum
1446 4050 1685 4094 commentatorum
1708 4043 1785 4114 expli·

170 4096 302 4164 grantium
317 4096 451 4166 intelligas.
467 4099 588 4170 Denique
601 4099 689 4170 ῥύακας
702 4100 758 4155 illos
773 4104 876 4172 igneos,
889 4125 957 4178 quos
999 4113 1116 4167 cationes
1135 4113 1300 4185 dijudicandi
1320 4116 1431 4170 hicnon
1452 4127 1492 4170 est
1511 4115 1597 4172 locris.
1616 4119 1707 4174 Plures
1719 4123 1784 4174 enim

169 4191 218 4245 per
238 4185 364 4245 quattuor
381 4175 437 4229 dies
459 4181 705 4250 praeternavigantes
729 4182 956 4253 Carthaginienses
999 4194 1116 4262 πυρώδεις
1133 4192 1221 4264 ῥύακας
1234 4196 1314 4249 maris
1333 4194 1501 4266 splendorem
1515 4214 1572 4250 esse
1586 4209 1696 4269 putant,
1715 4202 1785 4271 quia

169 4255 381 4326 conspiciebant,
397 4275 451 4312 non
465 4261 630 4312 essemontis
638 4261 780 4330 ignivomi,
793 4273 824 4316 ut
835 4269 956 4322 nonnulli
998 4269 1147 4325 lucentibus
1168 4275 1265 4345 partim
1290 4273 1425 4327 vermibus
1445 4276 1554 4330 marinis
1574 4288 1602 4331 et
1619 4275 1784 4343 animalibus,

169 4337 270 4407 opinati
281 4347 358 4402 sunt,
368 4348 462 4408 sponte
475 4349 556 4409 patet.
572 4343 611 4394 Ac
621 4342 732 4394 omnino
745 4359 824 4398 nemu
836 4361 956 4416 unquam
997 4351 1094 4420 partim
1108 4351 1142 4403 ab
1148 4351 1286 4405 aflectibus
1293 4355 1339 4423 qui
1347 4353 1381 4406 ab
1391 4351 1682 4427 electroetplrosplroro
1692 4375 1785 4412 nomen

170 4425 272 4468 montes
284 4415 430 4484 ignivomos
445 4415 484 4469 vel
496 4434 588 4470 eorum
599 4419 705 4488 vestigia
715 4421 742 4472 in
754 4420 795 4474 his
805 4425 956 4492 regionibus
1000 4429 1383 4494 babent‚oriatur.Vid.J.1l.
1395 4435 1514 4486 Forsters
1522 4435 1742 4509 Bemerkungmp.
1754 4439 1785 4489 Ia

169 4496 393 4548 commemoravit.
412 4498 478 4564 Quae
495 4513 537 4548 res
554 4497 588 4550 ait
600 4496 676 4550 multi
695 4511 872 4568 rnonuerunt;
888 4505 959 4562 inter
1000 4525 1072 4578 sqq.;
1085 4511 1158 4562 Kant
1169 4511 1249 4581 Phys.
1269 4514 1361 4578 Geogr.
1380 4509 1424 4563 ed.
1435 4511 1566 4566 Vollmer.
1584 4524 1651 4568 torn.
1671 4519 1700 4582 l,
1713 4535 1741 4588 p.
1756 4533 1782 4568 rr

170 4585 237 4637 quoa
256 4571 290 4624 ita
310 4570 389 4626 habet
408 4572 521 4642 Klugius
542 4590 578 4627 :-
595 4576 712 4629 Bruccus
738 4575 784 4648 (v.
804 4579 894 4634 lleiserr
909 4601 960 4637 zur
1000 4605 1072 4658 sqq.;
1086 4589 1169 4660 Splaii
1187 4599 1215 4642 et
1227 4591 1316 4643 Martii
1326 4590 1495 4645 Itinllrasil.
1509 4594 1723 4647 Attuncllanno
1734 4605 1784 4648 tor·

170 4647 341 4716 Eutdeelurrg
352 4649 381 4704 d.
394 4652 498 4717 Quellerr
509 4650 554 4706 des
566 4652 630 4706 ll't‘ls
643 4653 782 4709 ιιιὶεΑιιιιι.
798 4675 826 4710 ιι.
838 4661 958 4715 ΒΙιιιιωιι·
1000 4673 1089 4718 rentes
1112 4667 1227 4719 marinos
1243 4669 1334 4738 ignem
1355 4671 1551 4741 transnavigare
1569 4670 1696 4738 debebat,
1715 4673 1784 4744 quod

170 4725 246 4780 buch·
259 4729 370 4792 lom-11,
386 4747 413 4799 p·
425 4731 475 4793 545
487 4731 495 4803 )
508 4731 563 4784 brec
576 4730 657 4785 refert
676 4748 682 4784 :
698 4758 709 4780 ι
727 4734 957 4808 AEthtopsstnn-
1000 4760 1055 4798 non
1069 4744 1106 4798 ita
1118 4754 1167 4797 est.
1184 4747 1392 4801 Mults-Bruuius
1413 4759 1489 4818 putat
1504 4750 1553 4803 bos
1568 4753 1685 4821 πυρώδεις
1700 4751 1785 4824 ῥύακας

170 4804 228 4873 galli
244 4803 338 4858 Africae
347 4808 464 4873 gramina
474 4827 488 4862 a
500 4811 561 4863 solis
570 4809 651 4863 radiis
660 4823 751 4866 exusta
763 4815 918 4884 intendunt,
929 4832 956 4875 et
1000 4821 1067 4874 aeris
1076 4822 1156 4875 fuisse
1165 4823 1357 4895 phantasmata,
1368 4825 1438 4878 aeria
1451 4827 1635 4898 phaenomena,
1644 4841 1669 4883 ct
1680 4848 1784 4900 magnos

170 4882 197 4938 bi
209 4885 280 4954 ignes
290 4883 434 4940 incredibili
442 4887 571 4942 celeritate
578 4900 656 4960 atque
666 4893 765 4963 impetu
772 4911 851 4966 supra
859 4897 955 4954 Africae
1000 4900 1057 4952 illos
1068 4900 1177 4956 effectus
1193 4903 1260 4956 aeris
1274 4903 1331 4956 sole
1342 4904 1513 4971 inflammati,
1528 4907 1625 4977 quibus
1638 4911 1749 4963 tonitrua
1758 4918 1784 4962 ct

170 4961 334 5018 latitudinem
356 4963 544 5031 extenduntur,
563 4978 590 5022 et
607 4970 663 5023 loca
680 4989 792 5042 queque
809 4972 952 5042 invadunt,
999 4978 1102 5048 fulgura
1109 4981 1244 5034 orirentur
1252 4983 1281 5035 in
1288 4982 1438 5049 montibus,
1451 4987 1497 5056 qui
1509 4987 1700 5055 ignivomarum
1712 5006 1783 5040 nram-

170 5041 953 5126 ubiexsircatairrveniantrrrgrarninaetfruticeta.Postquam
999 5063 1067 5110 uum
1080 5061 1193 5130 speciem
1213 5070 1277 5114 tunc
1292 5061 1482 5132 prebuissent3
1501 5065 1642 5137 θυμιάματα
1653 5077 1739 5119 autem
1750 5069 1783 5117 si·

170 5121 506 5195 llamrnaornrriaquaesunt
515 5125 588 5180 urida
597 5129 623 5180 in
633 5132 732 5201 cnrrrpis
740 5147 953 5203 consumserunt,
998 5137 1122 5206 gallicane
1131 5138 1226 5192 odores
1237 5140 1333 5194 llorum
1344 5139 1490 5212 fragrantes·
1497 5146 1653 5216 spirantium
1665 5155 1688 5198 et
1699 5147 1782 5214 ιΙιιιιω

169 5197 202 5254 ad
219 5203 347 5258 ruorrtiurn
366 5205 502 5259 cacumina
522 5203 665 5260 escendunt
684 5220 709 5263 et
725 5211 835 5284 reliquas
853 5214 955 5286 plautas
998 5216 1207 5283 simillimorum,
1222 5236 1336 5289 quorum
1351 5222 1430 5276 inhis
1442 5224 1594 5295 regionibus
1605 5242 1696 5295 magna
1708 5227 1781 5297 capta
1875 5214 1876 5223 ¹
