3775 5750
168 322 224 373 251
553 309 693 369 Ismom
715 308 935 369 CIIARACENI
961 308 1143 369 rAuTtnA:
1165 310 1403 369 DESCRIPTIO.
1752 320 1783 389 ιὐ.

169 441 290 521 βασίλεια
306 443 415 502 Σακῶν·
428 440 474 499 καλ
491 438 601 511 πλησίον
616 437 793 517 Ἀλεξάνδρεια
806 438 878 505 πόλις
893 441 901 517 (
914 440 958 499 καί
1005 467 1082 511 rum,
1095 466 1230 519 propeque
1245 449 1402 502 Alexandria
1413 450 1476 502 urbs
1493 453 1503 519 (
1517 469 1565 503 nec
1578 452 1674 523 procul
1684 454 1796 507 Alexan-

166 530 278 601 πλησίον
289 528 513 608 Ἀλεξανδρόπολες
525 526 599 593 πόλις
614 531 635 605 )·
651 531 740 602 κῶμαι
750 527 777 583 δὲ
793 524 827 593 ἔξ.
1003 535 1121 605 dropolis
1136 536 1198 587 urbs
1209 535 1234 607 );
1250 536 1300 587 vici
1315 537 1393 588 etiam
1408 554 1461 588 sca.

210 639 245 679 ιν.
268 617 404 677 Ἐντεῦθεν
425 615 643 695 Ἀραχωσία,
659 618 759 694 σχοῖνοι
777 615 830 680 λς’.
849 614 957 685 Ταύτην
1042 640 1083 690 ¹9·
1108 623 1177 674 Hinc
1201 623 1400 689 Arachosia,
1419 624 1519 677 schoeni
1543 626 1587 679 36.
1608 628 1686 681 Hanc
1707 630 1797 682 Parthi

168 704 196 764 δὲ
213 708 238 765 οἱ
260 705 361 783 Πάρθοι
386 703 498 774 Ἰνδικὴν
521 702 627 774 Λευκὴν
647 705 787 761 καλοῦσιν·
808 702 869 761 ἔνθα
892 707 959 763 Βιὺτ
1003 721 1106 775 ludim
1120 723 1215 776 gum
1234 722 1380 794 appgum
1397 723 1442 777 ubi
1462 726 1522 795 ΒΨ
1544 726 1607 779 urbs
1620 738 1649 779 eg
1662 728 1798 783 thm

168 797 244 860 πόλις
266 793 312 851 καλ
336 791 468 872 drepana
494 791 569 859 πόλις
588 792 634 850 καὶ
655 791 798 871 Χοροχοδιδ
817 792 890 858 πόλις
913 794 958 849 καὶ
1004 823 1068 876 urbs
1085 833 1112 876 e,
1133 822 1309 877 Chorochoad
1328 824 1391 877 urbs
1411 833 1437 877 et
1454 827 1602 879 nemias
1627 827 1705 881 urbs.
1730 832 1799 882 Dein

170 879 328 961 Δημητριίις
358 880 444 945 πόλις·
467 870 524 938 εἶτα
544 878 784 958 Ἀλεξανδρόπολις,
800 880 960 958 μητρόπολις
1385 879 1389 883 ’

168 968 344 1050 Ἀραχωσίας·
366 966 421 1027 ἔστι
447 966 474 1026 δί
499 966 637 1039 Ἑλληνίς,
660 967 706 1024 καὶ
723 974 853 1045 παραρρεῖ
876 964 959 1037 αὐτὴν

168 1056 286 1134 ποταμδς
300 1054 458 1137 Ἀραχωτός.
475 1052 554 1137 Ἄχρι
566 1054 657 1114 τούτου
669 1054 740 1114 ἐστίν
754 1058 830 1127 ἡτῶν
845 1053 958 1135 Πάρθων

170 1144 335 1225 ἐπικράτεια,
1004 1145 1043 1187 cst
1052 1134 1101 1187 sub
1114 1134 1273 1188 Parthorum
1287 1135 1409 1206 imperio.

992 897 1231 998 Alexandropolis,
1239 926 1392 997 metropolis
1401 928 1563 992 Arachosia
1571 929 1665 981 Graeca
1673 942 1716 982 est
1722 932 1798 995 urbs,

1004 1048 1114 1101 eamque
1128 1029 1282 1101 preterfluit
1292 1031 1377 1083 amnis
1390 1031 1548 1086 Arachotos.
1563 1034 1712 1107 Hucusque
1725 1039 1799 1106 regio

169 1312 352 1395 Ὶσιδόιρου
379 1314 585 1392 Χαρακηνοῦ
608 1308 754 1389 σταθμοί
777 1310 959 1391 Παρθικοί.
1060 1312 1188 1368 Isidori
1213 1313 1396 1367 Characeni
1414 1313 1557 1367 stathmi
1578 1316 1745 1371 Parthici.

483 1508 646 1534 -0000—
1320 1506 1480 1531 ⁴00—-

342 1640 517 1703 nauem:
540 1641 787 1702 ΠΕΡΙΙΙΓΗΣΙΣ.
1177 1652 1363 1715 Plurfllm
1384 1652 1621 1717 DESCRIPTIO.

212 1826 250 1868 ao.
264 1816 398 1866 Athenaeus
408 1816 454 1877 III,
467 1827 494 1878 p.
508 1805 756 1886 9³,D2’lrilopoc
769 1808 815 1865 δ’ὁ
829 1807 959 1886 Χαρακη·
1041 1830 1085 1867 20.
1106 1812 1224 1865 Isidorus
1241 1812 1407 1865 Cbaraoenus
1431 1811 1459 1864 in
1479 1812 1592 1867 Parthia
1615 1812 1799 1887 descriptione

172 1896 215 1962 νῦς
229 1899 255 1954 ἐν
267 1896 305 1974 τῷ
317 1898 362 1965 τῆς
374 1892 493 1973 Παρθίας
507 1894 695 1973 Περιηγητικῷ
705 1892 774 1952 κατόι
787 1894 816 1951 τό
830 1896 959 1974 Περσικόν
1004 1903 1032 1954 in
1053 1902 1158 1955 Persico
1178 1902 1245 1953 mari
1262 1899 1342 1953 tradit
1361 1899 1473 1952 insulam
1493 1919 1549 1953 esse
1574 1902 1729 1972 quandam,
1749 1907 1797 1961 ubi

173 1984 288 2061 πέλαγος
299 1982 378 2055 νῆσόν
392 2004 471 2062 φησιν
484 1970 551 2039 ε’ίναί
563 2004 631 2053 τινα,
644 1980 704 2040 ίνθα
718 1982 844 2053 πλείστην
856 2004 960 2062 μαργα-
1004 1989 1125 2059 plurimae
1143 1988 1308 2058 reperiantur
1326 1988 1481 2055 margaritae.
1501 1989 1593 2057 Itaque
1614 1989 1714 2043 multas
1726 1994 1798 2046 circa

174 2074 238 2151 ρῖτιν
268 2068 444 2151 εὑρίσκεσθαι.
468 2067 566 2149 Διόπερ
580 2066 686 2147 σχεδίας
711 2068 859 2145 καλαμίνας
885 2070 959 2149 πέριξ
1004 2094 1062 2129 eam
1081 2075 1192 2129 insulam
1211 2076 1305 2127 versari
1324 2075 1432 2145 scaphas
1443 2094 1477 2149 ex
1494 2076 1625 2130 arundine
1644 2080 1795 2145 consectas,
1882 2124 1884 2129 ,

174 2150 240 2219 εἶναι
253 2163 300 2229 τῆς
313 2158 407 2231 νήσου,
422 2156 447 2225 ἐξ
463 2148 499 2217 ῶν
512 2154 723 2230 καθαλλομένους
737 2157 773 2222 είς
791 2156 839 2227 τὴν
857 2156 961 2214 θάλασ-
1004 2163 1130 2235 equibus
1148 2165 1176 2215 in
1197 2180 1269 2217 mare
1288 2163 1437 2216 desilientes
1450 2163 1570 2218 homines
1591 2165 1626 2218 ad
1644 2169 1737 2237 viginti
1757 2170 1798 2222 ul·
1883 2148 1884 2155 ί

173 2270 221 2304 σαν
235 2246 276 2303 ἐπ’
298 2243 403 2322 ὀργυιὰς
422 2242 517 2302 εἴκοσιν
546 2244 682 2325 ἀναφέρειν
706 2244 811 2309 διπλοῦς
837 2242 958 2321 κόγχους.
1006 2268 1100 2302 narum
1120 2248 1303 2313 altitudinem,
1325 2249 1600 2322 reportenoduptteoe
1630 2252 1640 2323 (
1652 2252 1798 2323 διὐαΙενιι)

174 2333 251 2393 Φασὶ
265 2332 297 2405 δ’,
307 2331 369 2390 όταν
388 2330 494 2411 βρονταί
507 2334 624 2408 συνεχεῖς
636 2319 686 2388 dor
700 2330 746 2387 καί
757 2328 865 2408 όμόρων
879 2328 959 2407 όκχό-
1005 2340 1128 2392 conchas.
1146 2340 1229 2394 Aiunt
1252 2354 1331 2404 vero,
1344 2358 1428 2409 quum
1448 2342 1575 2394 continua
1594 2344 1714 2396 eonio-un
1731 2346 1798 2397 insi.

175 2444 241 2496 σεις,
258 2421 317 2478 τότε
336 2422 436 2497 μᾶλλον
460 2416 507 2489 τὴν
519 2416 613 2475 πίνναν
627 2416 708 2488 κύειν,
723 2415 768 2474 καί
781 2414 906 2484 πλείστην
921 2413 961 2491 γί·
1005 2426 1074 2480 dunt
1084 2439 1111 2481 er
1119 2427 1215 2498 largior
1223 2426 1371 2480 effunditur
1382 2428 1476 2494 imber,
1489 2438 1547 2481 tum
1563 2432 1798 2505 magisconciperx·

174 2514 280 2585 γνεσθαι
294 2514 451 2587 μαργαρῖτιν
461 2504 506 2564 καί
517 2503 655 2582 εὐμεγέθη.
669 2506 724 2564 Τοῦ
737 2502 765 2561 δὲ
781 2506 909 2583 χειμῶνος
924 2504 961 2567 εἰς
1004 2515 1114 2584 pinnas,
1139 2524 1166 2566 et
1187 2514 1313 2585 plurimas
1334 2515 1405 2583 gigni
1424 2516 1576 2584 margaritas
1602 2519 1795 2591 maximasque.

172 2596 219 2661 τίις
247 2593 384 2671 ἔμόυθίους
407 2590 528 2669 θαλοίμας
554 2590 636 2650 δύνειν
661 2590 782 2649 εἰώθασιν
806 2592 833 2648 αἱ
858 2589 959 2647 πίνναι·
1006 2600 1099 2653 Hieme
1114 2602 1141 2652 in
1161 2598 1309 2670 profundos
1327 2602 1407 2654 maris
1429 2603 1544 2670 gurgites
1566 2600 1685 2673 demergi
1706 2608 1797 2676 pinne

171 2682 259 2763 θέρους
286 2680 313 2739 δὲ
335 2680 381 2747 τδις
405 2682 452 2755 μὲν
474 2679 569 2747 νύκτας
603 2678 733 2759 κεχήνασι
757 2678 961 2757 διανηχόμεναι,
1005 2684 1098 2750 solent,
1109 2696 1196 2739 astate
1205 2703 1268 2738 vero
1277 2696 1360 2739 noctu
1371 2686 1472 2740 hiantes
1483 2686 1553 2741 ultro
1562 2689 1684 2760 citroque
1693 2704 1795 2757 natant,

173 2769 273 2849 ἡμέρας
295 2768 322 2826 δὲ
342 2767 461 2844 μύουσιν.
502 2764 586 2826 Ὅσαι
605 2768 627 2825 δ’
648 2764 834 2845 δνπίτραιςῆ
853 2768 961 2827 σπιλάσι
1005 2772 1124 2825 interdiu
1134 2771 1261 2826 claudunt
1275 2784 1362 2827 rasus.
1376 2770 1555 2843 Quot'eorum
1572 2778 1655 2847 petris
1668 2782 1795 2850 scoprdis-
1883 2772 1884 2775 ¹

175 2859 349 2938 προσφυῶσι,
371 2852 549 2936 ῥιζοόολοῦσι,
561 2856 696 2914 κάνταῦθα
720 2857 823 2914 ἐνδῦσαι
833 2852 879 2926 τὴν
892 2879 961 2935 μαρ·
1006 2877 1059 2931 que
1077 2858 1225 2923 adherere,
1242 2858 1343 2913 radices
1356 2871 1448 2930 agunt,
1469 2861 1561 2933 ibique
1576 2863 1638 2916 lira·
1657 2881 1796 2921 manentes

174 2953 277 3025 γαρῐτιν
294 2946 414 3021 γεννῶσι.
448 2942 681 3023 Ζωογονοῦνταιδὲ
698 2942 743 3001 καί
767 2943 904 3023 τρέφονται
919 2945 963 3004 διὰ
1006 2950 1174 3018 margaritam
1184 2949 1493 3019 pariunt.Sustentaotur
1501 2961 1589 3004 autem
1601 2963 1629 3005 et
1640 2957 1797 3009 nutriuntur

175 3039 221 3091 τοῦ
255 3031 525 3113 προσπεφυκότοςτῇ
559 3031 637 3110 σαρκί
666 3029 771 3111 μέρους.
812 3034 897 3091 Τοῦτο
934 3032 963 3091 ll
1006 3038 1048 3089 sni
1061 3047 1136 3108 parte
1149 3035 1277 3107 quadam,
1293 3055 1352 3108 quae
1368 3041 1442 3091 carni
1456 3038 1573 3094 adheret
1580 3061 1588 3105 ;
1604 3041 1746 3096 adnataea
1759 3057 1797 3097 eet

175 3119 329 3201 συμπέφυκε
347 3123 386 3200 τῷ
401 3125 447 3179 τοῦ
466 3118 564 3198 κόγχου
581 3118 713 3196 στόματι,
732 3118 818 3198 χηλόις
838 3119 897 3198 ἔχον
917 3120 963 3179 καί
1007 3123 1048 3174 ori
1062 3122 1179 3187 conchae,
1192 3121 1297 3176 sorlices
1312 3123 1411 3177 habens
1422 3125 1545 3178 etcibum
1557 3128 1694 3196 ingereos;
1705 3140 1798 3201 estque

174 3205 257 3283 νομὴν
271 3205 399 3288 ιίσφίρον.
441 3204 481 3267 Ὃ
499 3207 531 3278 δή
546 3209 617 3265 ἐστιν
632 3206 716 3272 ἐοικὸς
727 3206 843 3287 καρκίνῳ
856 3211 962 3288 μικρῷ,
1008 3210 1098 3262 similis
1111 3227 1193 3281 porro
1208 3229 1313 3275 cancro,
1327 3222 1354 3264 et
1367 3212 1682 3286 pinnophylarvooatur.
1696 3216 1739 3269 Ab
1749 3218 1798 3270 bac

174 3463 210 3473 -
235 3431 468 3504 Ἀλεξάνδρεια]
492 3432 557 3486 ίιοό.
583 3433 737 3496 Kondolear,
765 3444 796 3487 ut
819 3435 964 3506 perproba·
1009 3436 1117 3489 Brhrert
1135 3437 1286 3499 ΡιιεοιιΙΙιιΙι,
1309 3437 1429 3507 Φάρσανα
1445 3439 1533 3501 chol-i,
1550 3437 1681 3510 Χοροχοδδ
1694 3444 1795 3502 [oziel.

174 3511 261 3565 biliter
282 3521 401 3565 statuunt
423 3513 538 3582 Lapieus
560 3522 587 3564 et
610 3513 782 3583 Droysenius.
809 3514 964 3566 Etiamnum
1009 3514 1320 3585 ΔημητριδιςΗοιιπειεπηί
1336 3515 1443 3585 &dona
1462 3515 1748 3587 ’λλεξανδρόπολιςιιελνσ
1763 3523 1797 3575 ad
1883 3545 1884 3548 ¹

174 3598 232 3668 ejus
243 3599 316 3651 urbis
326 3599 442 3667 origines
451 3597 484 3650 ab
494 3596 744 3652 Alexandroiucolae
754 3609 886 3669 repetunt.
897 3602 965 3666 Quae
1009 3593 1115 3663 lorch(
1131 3590 1269 3663 ’λραχωτδν
1284 3596 1294 3661 )
1308 3595 1366 3647 sita.
1381 3597 1434 3647 Pro
1447 3595 1590 3650 libitubaec
1611 3599 1720 3669 impune
1741 3604 1799 3654 eui·
1883 3648 1884 3671 ,

176 3687 324 3746 sequuntur
335 3679 410 3730 uncis
418 3677 518 3730 inclusa
528 3694 544 3729 e
554 3676 731 3747 dittographia
743 3687 800 3730 orta
808 3695 874 3743 esse,
886 3687 966 3748 atque
1005 3687 1057 3740 que
1070 3670 1200 3724 adornare
1210 3672 1280 3724 licet.
1883 3673 1884 3700 ί

178 3763 248 3806 recte
268 3752 373 3822 ejecisse
395 3755 426 3806 B.
452 3753 966 3825 Fabriciumcenseo.Droyseniusuon
1042 3751 1189 3818 §cosdra
1214 3749 1380 3820 μᾶλλοντ.
1398 3752 1643 3824 rivocorulam}
1656 3755 1799 3811 Contraria

177 3832 254 3901 longe
265 3831 299 3884 ab
309 3830 467 3885 Alexandria
480 3832 654 3885 reveraaliam
664 3833 757 3886 urbem
767 3832 965 3905 Alexandropo·
1006 3830 1048 3881 bis
1056 3829 1156 3883 Plinius
1169 3830 1218 3893 IX,
1231 3829 1263 3891 54
1279 3829 1327 3881 :Si
1331 3829 1463 3897 fulguret,
1476 3831 1615 3904 comprimi
1628 3833 1753 3897 οοιισΙιειε,
1766 3855 1799 3888 oe
1883 3875 1884 3884 ,

176 3909 214 3964 lin
228 3909 314 3979 (hod.
333 3909 610 3980 Kelol-i-Gildscltie’)
628 3911 706 3965 luisse
715 3913 814 3974 statuit,
828 3929 967 3981 argumen·
1003 3925 1054 3981 pru
1057 3907 1156 3979 jejunii
1168 3907 1244 3960 modo
1257 3906 1359 3970 minui,·
1370 3908 1396 3960 si
1411 3925 1472 3961 cem
1484 3909 1565 3964 etiam
1577 3911 1700 3974 tonuerit,
1710 3916 1797 3984 pooi·

176 3989 277 4042 tationo
301 4005 365 4041 rasus
385 3987 535 4042 infirmiori.
567 3989 665 4059 Lapieo
686 3988 903 4061 Alexandropolis
927 3999 967 4044 ert
1006 3985 1056 4040 das
1064 4005 1097 4039 ac
1110 3997 1212 4058 repente
1225 4003 1386 4057 compressos
1394 4003 1453 4057 quae
1462 3999 1559 4040 υοσαεεε
1568 3988 1700 4059 φυσήματα
1712 3991 1799 4062 effice·
1883 4039 1884 4050 ι

178 4067 238 4138 ayo·
248 4069 387 4138 Mujnourr.
403 4069 527 4123 Ceterum
547 4085 639 4122 vooem
652 4068 723 4131 πόλις
736 4079 796 4142 post
814 4067 967 4140 Ἀλεξανδρό-
1008 4083 1043 4128 re,
1054 4064 1166 4138 speeiem
1176 4063 1250 4118 modo
1261 4064 1465 4134 imaiiastaeom
1475 4064 1533 4118 riae
1544 4083 1650 4138 corpore
1663 4067 1733 4120 :hor
1744 4089 1800 4124 esre

176 4147 315 4210 πολιςοιει.
327 4146 388 4201 oud.
408 4148 439 4203 B.
1007 4144 1161 4198 concharum
1174 4143 1292 4197 obortus.
1303 4146 1370 4198 Item
1381 4145 1538 4201 Ammianus
1547 4147 1631 4201 Marc.
1643 4146 1749 4213 xxm,
1769 4155 1797 4214 6,
1882 4155 1884 4160 ’

213 4227 287 4294 §¹9-
305 4225 473 4297 Φάρσανα]
486 4223 627 4298 littora-fga
639 4225 667 4280 B.
688 4225 767 4280 Deio.
783 4225 965 4297 Δημητρίαςλ,
1008 4223 1059 4276 85:
1072 4225 1205 4276 Comesse
1222 4239 1283 4275 uero
1299 4221 1446 4294 saepissime
1463 4234 1534 4276 ιειεειι
1544 4221 1686 4292 fulgurum
1706 4224 1799 4278 εἰιαη.
1883 4289 1884 4292 ¹

179 4302 317 4374 ’λρόχωτος
328 4305 359 4371 Β,
371 4315 397 4358 et
420 4305 470 4358 sub
483 4304 563 4359 finem
585 4325 593 4360 ι
613 4304 672 4377 όχρι
685 4305 773 4358 τούτου
793 4303 858 4359 ἐστὶν
876 4303 924 4359 tat
935 4308 968 4376 τῇ
1007 4313 1093 4364 εσυειε,
1106 4313 1156 4353 out
1170 4299 1270 4354 debilia
1281 4301 1410 4374 ρσείειιεε,
1429 4312 1479 4354 out
1492 4313 1561 4354 eene
1573 4301 1652 4355 vitiis
1665 4301 1801 4373 difflatur
1883 4343 1884 4357 ι

177 4387 227 4435 τῶν
239 4381 345 4454 Πάρθων
354 4381 422 4456 ἀρχῇ
437 4381 453 4450 ἡ
469 4385 550 4455 χώρα.
565 4385 715 4439 Arachosia
724 4401 835 4450 nomen,
848 4381 921 4455 quod
935 4383 968 4437 li·
1008 4379 1165 4450 chonium}
1175 4380 1470 4454 -διανηχόρεναι]
1484 4381 1566 4435 ιΗοα
1577 4398 1592 4434 e
1603 4379 1737 4437 diametro
1749 4402 1800 4456 pn·

178 4461 421 4518 teriscuaeilormis
432 4462 512 4517 scribi
525 4463 600 4517 aiunt
612 4463 741 4534 Arojori,
757 4472 875 4536 superest
885 4464 913 4516 in
927 4480 969 4518 re·
1008 4458 1194 4529 gaatcurnhio
1207 4458 1310 4530 quade
1325 4461 1415 4532 pinnis
1433 4459 1587 4515 Aristoteles
1601 4458 1800 4531 aliiqueobser-
1883 4480 1884 4541 χ

178 4541 297 4594 cautiore
306 4543 416 4596 nomine
425 4540 539 4596 Arabico
548 4539 969 4606 Arrol·adrch,monenteRittero
1009 4547 1114 4605 rerunt,
1129 4538 1278 4594 immobiles
1289 4539 1317 4590 in
1326 4537 1629 4594 laudomarismauere.
1645 4537 1799 4597 Sedetdia
1882 4543 1884 4563 ί

178 4619 254 4684 VIII,
282 4637 310 4690 p.
336 4636 396 4675 rar.
419 4624 463 4674 61.
489 4625 501 4689 ΙΙ
521 4649 558 4661 -
572 4617 678 4685 Ἰνδικὴν
703 4617 792 4686 λευκὴν
808 4620 849 4673 CI.
871 4622 969 4674 Lasaen
1009 4615 1093 4670 multa
1115 4616 1234 4671 turbasse
1257 4615 1462 4689 confudissoque
1482 4615 1588 4671 ridetur
1610 4617 1656 4670 hic
1672 4618 1798 4690 scriptor.

180 4693 303 4748 Indisoloe
312 4697 428 4751 Altertlr.
441 4701 502 4771 1‚p.
517 4700 568 4762 434
581 4707 638 4752 not.
653 4713 679 4750 ο.
695 4699 736 4752 De
745 4698 878 4752 Arachoto
888 4699 970 4752 fluvio
1010 4699 1078 4766 Quae
1090 4707 1178 4751 tamen
1192 4695 1266 4750 idem
1278 4695 1314 4749 dc
1322 4696 1515 4770 pinnophyloee
1531 4695 1636 4766 tradit(
1647 4713 1729 4768 qoem
1739 4699 1802 4769 pin·
1883 4747 1884 4766 ,

179 4773 246 4828 nihil
257 4776 349 4828 eertim
361 4775 465 4830 desmiri
479 4795 555 4850 posse
570 4787 658 4831 conset
673 4779 798 4832 Ritterus.
821 4780 904 4831 Court
922 4779 971 4849 (in
1010 4787 1129 4830 ueterem
1142 4775 1176 4830 ab
1195 4775 1251 4830 aliis
1270 4777 1438 4830 nominatum
1458 4776 1573 4830 vidimus
1594 4793 1655 4847 pag.
1670 4777 1715 4847 89,
1737 4779 1800 4846 E),

177 4857 273 4908 Ιοιιειι.
286 4853 321 4922 os
333 4854 433 4908 eleAs.
447 4874 499 4910 soc.
511 4856 655 4927 osBongaI.
669 4867 689 4910 t.
705 4859 741 4922 V,
755 4875 783 4929 p.
800 4857 862 4927 389.
882 4857 970 4926 1836)
1011 4854 1140 4927 explicare
1150 4873 1182 4909 ea
1191 4854 1300 4908 sortasse
1308 4857 1438 4926 originem
1452 4853 1555 4920 labulae,
1570 4873 1631 4926 quae
1641 4854 1803 4910 democrito
1882 4911 1884 4916 ,

182 4931 246 4986 Ιιοό.
266 4949 322 4986 esse
343 4935 513 4998 amandat,
539 4938 584 5008 qui
603 4937 630 4988 in
649 4935 800 4989 Hindmeocl
821 4935 920 5000 influit,
945 4946 971 4988 et
1012 4935 1099 5004 pinnae
1112 4937 1184 4988 socio
1205 4935 1283 5004 vulgo
1302 4935 1520 5006 perhibebantur,
1539 4945 1666 5006 poterunt
1679 4950 1687 4988 z
1699 4936 1803 4990 seilicet
1883 4929 1884 4943 ¹

183 5011 369 5068 Alexandriam
387 5013 536 5068 Arachosia
553 5015 608 5086 (de
621 5029 675 5086 qua
695 5013 730 5068 cl.
753 5015 821 5068 Ptol.
840 5025 866 5067 et
878 5015 968 5085 steph.
1012 5033 1070 5084 qua
1078 5031 1137 5086 pars
1145 5025 1212 5068 esset
1222 5014 1277 5067 sive
1285 5015 1436 5068 membrum
1446 5025 1493 5068 aut
1501 5016 1706 5067 instrumentum
1713 5015 1804 5085 quod·
1883 5043 1884 5046 ¹

181 5093 242 5160 δόρυ..
255 5111 279 5144 v.
297 5091 370 5154 λλεξ.
382 5095 393 5162 )
404 5093 567 5162 deridebor(
581 5113 605 5146 ν.
616 5094 711 5165 supra)
722 5105 819 5146 censet.
833 5096 972 5147 Manncrto
1013 5093 1074 5146 dam
1088 5095 1170 5165 ipsius
1181 5095 1330 5161 animantis,
1344 5111 1398 5165 quo
1407 5112 1455 5166 per
1463 5103 1613 5166 aperturam
1620 5092 1697 5164 juxta
1707 5094 1803 5148 villum
1883 5111 1884 5150 ι

181 5171 245 5222 urbs
265 5183 302 5224 cst
323 5172 387 5226 hod.
420 5173 552 5234 ΙΙέιἹιιιιιί,
576 5175 722 5242 Βινινευιιὶο
750 5173 854 5226 Girisni.
874 5175 972 5244 Lapico
1018 5174 1082 5244 (qni
1095 5173 1187 5243 byssus
1203 5173 1279 5242 vulgo
1297 5191 1344 5246 per
1362 5190 1479 5228 errorem
1496 5173 1623 5244 vorator)
1639 5185 1743 5228 extorto
1755 5193 1803 5248 pc·
