3775 5750
141 328 202 407 (a.)
383 328 389 335 ·
765 328 881 417 ornis
903 328 1139 391 urscmerro.
1702 344 1758 393 eoa

140 480 181 521 tou
196 464 231 527 εἰς
243 461 396 536 reperiris<
408 458 521 537 πέλαγος
536 458 699 517 ἀνατιίνουσ’
712 458 807 537 ἄκραν.
976 470 1003 520 in
1018 469 1177 521 fluctuosum
1189 468 1294 539 pelagus
1306 470 1441 540 protendit
1454 472 1641 524 summitatem.

196 551 307 609 Oixoiior
322 550 369 617 τῆς
381 546 479 618 στήλης
492 545 518 603 δὲ
532 544 590 611 robe
603 545 677 621 ίγγδς
691 546 785 611 τόπους
976 556 1128 608 Inhabitant
1139 556 1224 609 uicina
1238 556 1367 609 columnae
1380 557 1436 609 loca

198 639 305 695 Κελτῶν
321 634 375 693 ὅσοι
387 636 512 711 λήγουσιν
526 633 598 699 ὄντες
612 633 720 712 ἔσχατοι
976 642 1108 695 Celtarum
1122 642 1168 712 qui
1181 642 1234 694 huc
1245 641 1369 694 desinunt
1382 646 1509 709 extremi,

195 720 302 783 Ἐνετοί
314 748 342 782 τι
354 724 400 782 καί
415 726 466 781 τῶν
479 722 549 787 leri<
563 724 597 787 είς
611 722 655 779 τὸν
668 722 770 799 Ἀδρίαν
976 730 1105 799 Enetique
1116 738 1140 780 et
1155 729 1265 781 extremi
1278 731 1406 781 Istrorum
1420 733 1466 799 qui

195 810 307 890 Ἴστρων
320 808 501 880 καθηκόντων·
512 809 621 889 ,λέγουσι
633 810 655 867 δ’
670 812 776 867 αὐτόθεν
975 816 1046 866 intus
1057 814 1091 867 ad
1103 814 1212 869 Adi-iam
1226 817 1389 885 pertingunt.
1405 818 1504 870 ferunt
1515 818 1578 870 hinc

141 921 182 959 res
197 899 241 957 τδν
253 898 354 977 Ἴστρον
370 896 454 977 ἀρχὴν
465 895 611 971 lupicinus
625 902 670 955 τοῦ
687 898 821 977 ῥεύματος.
976 903 1074 953 Istrum
1087 918 1191 953 sumere
1206 901 1294 953 lluxus
1304 903 1475 973 principium.

238 990 299 1047 Τῶν
311 986 374 1065 πρὸς
389 985 419 1043 τὸ
434 988 560 1066 Σαρδῷον
577 985 603 1043 δὲ
618 984 729 1061 πέλαγος
744 990 870 1063 κειμένοιν
1012 987 1054 1040 Ad
1070 987 1200 1039 Sardoum
1213 998 1302 1039 autem
1315 1006 1389 1041 mare
1399 990 1478 1060 primi

196 1078 297 1133 οἰκοῦσι
309 1074 491 1154 Λιόυροίνικες
503 1117 511 1143 ,
527 1077 556 1132 ἐκ
571 1074 740 1151 Καρχηδόνος
976 1077 1096 1129 habitant
1106 1076 1322 1147 Libyphoenices,
1334 1095 1350 1129 e
1363 1078 1519 1147 Carthagine

197 1162 320 1222 ἀποικίαν
333 1162 473 1228 reiteste·
488 1161 546 1233 ἑξῆς
558 1162 592 1232 δ’,
608 1166 642 1224 ὡς
657 1160 745 1239 λόγος,
977 1162 1080 1215 colonia
1092 1162 1222 1227 deducta,
1236 1162 1377 1235 deinceps,
1389 1175 1420 1217 ut
1431 1164 1533 1229 serunt,

196 1250 360 1331 Ταρτήσσιοι
375 1250 546 1328 κατέχουσιν·
563 1240 609 1307 elr'
624 1248 728 1329 Ἰὅηρις
741 1252 765 1309 οἱ
976 1250 1099 1301 Tartessii
1112 1249 1200 1303 locum
1215 1259 1321 1314 tensum
1336 1260 1394 1303 tum
1407 1250 1495 1303 Iberes
1505 1261 1567 1303 suut

1627 1372 1758 1381 *—

139 1420 209 1475 dans
229 1420 253 1473 la
270 1438 335 1485 mer,
355 1418 369 1471 ir
386 1418 542 1472 l'extremite
555 1419 589 1471 de
604 1420 627 1472 la
641 1420 848 1491 Celtique3sous
865 1431 933 1473 cette
977 1421 1071 1472 Totam
1093 1420 1161 1471 banc
1179 1438 1252 1472 orum
1267 1438 1349 1489 usque
1364 1419 1398 1472 ad
1416 1421 1532 1490 hlurginr
1556 1422 1694 1492 oppidum,
1717 1426 1762 1494 qui

140 1518 226 1569 vague
240 1500 384 1552 indication
397 1499 496 1551 semble
514 1499 645 1553 cacbeelt
660 1502 753 1553 uotion
771 1500 840 1553 dela
857 1502 933 1572 proe-
977 1499 1037 1551 linis
1049 1508 1088 1551 est
1101 1500 1212 1562 Baeticae,
1227 1499 1336 1567 originis
1351 1501 1456 1552 Punicae
1471 1501 1629 1553 existimarit
1648 1503 1764 1574 Agrippa

139 1582 265 1632 nriuence
278 1578 329 1630 dm
345 1578 416 1631 eritas
434 1576 467 1630 de
479 1578 503 1631 la
517 1580 658 1647 Bretagne,
675 1581 808 1649 mrque'ee,
832 1578 933 1631 dansla
977 1598 1020 1650 ap.
1028 1579 1151 1643 Plin.111,
1160 1580 1185 1631 3.
1197 1577 1390 1650 Libppheenices
1401 1576 1503 1631 ibicum
1513 1580 1627 1650 Scymno
1635 1594 1764 1635 memorat

139 1658 301 1729 geographie
321 1656 522 1709 d’Erastothene
540 1675 587 1729 per
608 1658 631 1710 le
652 1658 734 1727 grand
753 1659 934 1729 promontoire
978 1659 1094 1710 Avienus
1107 1659 1155 1709 Or.
1177 1674 1244 1710 mar.
1265 1661 1326 1720 4αι.
1344 1661 1384 1711 Ac
1399 1677 1461 1711 sanc
1474 1660 1548 1710 numi
1560 1658 1683 1725 urbium,
1705 1680 1764 1731 quae

139 1738 177 1789 de
190 1738 318 1799 (albium,
333 1736 357 1790 le
371 1737 494 1790 Goduum
507 1736 541 1789 de
554 1737 685 1791 Ptolemec
700 1755 706 1789 :
726 1740 818 1791 notion
833 1756 884 1808 que
898 1738 934 1791 les
977 1738 1030 1789 huc
1043 1738 1191 1807 pertinent,
1212 1738 1338 1802 Caerete,
1356 1738 1425 1802 Sixi,
1442 1737 1564 1803 Malaca,
1584 1738 1762 1806 Abderorurn,

140 1836 255 1888 voyages
267 1817 411 1871 maritimes
423 1834 475 1869 aux
493 1818 576 1869 mines
590 1816 687 1869 d’etain
705 1816 740 1870 de
755 1817 933 1871 Cornuurrilles
978 1814 1064 1869 literas
1085 1816 1182 1869 habent
1202 1816 1338 1887 scripturae
1358 1816 1564 1887 Libyphoenieiae
1585 1820 1636 1885 (ν.
1659 1821 1764 1871 Moscrs

139 1898 246 1950 avaient
261 1895 298 1948 dir
315 1896 419 1949 donner
444 1894 478 1947 de
494 1896 582 1949 bonne
604 1896 694 1949 heure.
719 1922 730 1943 ι
756 1898 933 1949 Lsrnonnrus
978 1895 1068 1947 Phua.
1080 1894 1196 1947 Altertd.
1208 1896 1243 1958 11,
1256 1912 1283 1966 p.
1299 1895 1350 1946 632
1363 1912 1422 1964 sqq.
1439 1895 1460 1967 l.
1476 1894 1554 1967 Apud
1569 1896 1632 1948 alios
1645 1910 1765 1951 auctores

138 1994 170 2046 p.
180 1980 225 2044 67.
237 1974 279 2027 Cl.
288 1974 381 2027 Ultert.
395 1976 488 2041 Ge'ogr.
501 1978 537 2038 11,
554 1992 576 2039 r,
588 1992 616 2045 p.
630 1975 692 2043 473.
702 1973 828 2043 For·bigcr
839 1977 932 2041 Ge'ogr.
978 1974 1070 2027 Punici
1086 1974 1172 2026 coloni
1189 1992 1251 2026 cum
1273 1984 1348 2042 gente
1359 1973 1483 2043 indigena
1499 1973 1705 2044 conjunguntur.
1721 1980 1765 2031 Sic

139 2057 164 2118 l,
180 2072 207 2124 p.
221 2059 273 2123 ²⁶9
282 2052 316 2106 de
325 2054 432 2125 Alpium
444 2054 629 2124 promontorio
644 2054 671 2105 in
684 2052 847 2105 Adriaticum
861 2070 934 2105 mare
977 2054 1132 2107 Ptolemaeus
1149 2056 1191 2118 Π,
1214 2055 1228 2106 3
1246 2071 1252 2105 :
1269 2054 1454 2121 Βαστοίλην
1470 2060 1519 2106 τῶν
1533 2054 1691 2126 καλουμένων
1709 2058 1765 2109 Ποι-

139 2143 299 2186 excurrente
318 2133 456 2203 cogitarim
482 2150 629 2203 perperam.
645 2132 868 2201 ll—190.ditpur
884 2149 933 2202 pro
978 2139 1041 2199 νῶνς
1063 2134 1214 2187 Marcianus
1231 2150 1258 2204 p.
1281 2132 1393 2203 ro7zrb
1406 2132 1693 2205 ἔθνοςΒλαοτοορῶν
1715 2144 1763 2191 τῶν
1854 2195 1858 2201 ,

139 2212 219 2283 ἄκραν
234 2212 295 2265 cod.
312 2214 323 2281 44
343 2242 380 2253 -
394 2228 453 2281 191.
469 2211 495 2264 δὲ
509 2214 561 2273 τοῖς
574 2211 667 2263 codex.
682 2212 742 2280 41-
759 2211 818 2278 193.
834 2210 933 2281 ἀνδρίαν
978 2214 1135 2284 καλουμένων
1146 2213 1257 2276 Ποινῶν;
1272 2214 1386 2283 Appian.
1398 2214 1474 2283 Hisp.
1487 2232 1511 2267 c.
1527 2214 1577 2265 56:
1592 2215 1647 2276 τοὶις
1659 2216 1765 2288 λεγομέ.

139 2292 204 2345 οοιί.
215 2295 226 2361 ΙΙ
235 2322 272 2333 —-
283 2296 343 2361 194.
355 2291 444 2362 Ἴστρῳ
454 2290 536 2344 codex
547 2310 555 2355 ς
565 2290 661 2361 Ἴστρον
672 2310 698 2343 τε
707 2291 810 2361 scripsit
822 2292 933 2343 Lctrorr
978 2311 1033 2355 νοος
1047 2292 1207 2363 Βλαστορο
1216 2292 1294 2343 ίνικε
1303 2313 1327 2356 ς,
1348 2288 1385 2353 οἷς
1397 2312 1469 2362 φασιν
1487 2290 1597 2344 ‘Avelim
1610 2294 1652 2347 chr
1668 2296 1765 2367 Καρχη·

142 2374 220 2437 nius,
235 2371 302 2425 adeo
315 2382 344 2424 ut
358 2371 487 2424 columnae
501 2372 579 2423 ricini
591 2372 695 2423 nonnisi
710 2369 765 2422 duo
778 2369 868 2440 populi
879 2388 933 2423 me·
977 2372 1059 2423 δάνιον
1073 2371 1192 2425 ἐποικίσαι
1213 2374 1318 2439 (noros
1335 2369 1442 2423 colonos
1458 2372 1558 2423 misisse
1573 2372 1582 2445 )
1596 2374 1663 2435 τινας
1685 2376 1711 2428 ἐκ
1726 2380 1765 2428 Ar-

140 2461 295 2515 morentur,
315 2451 394 2504 Celtae
409 2461 435 2503 et
446 2452 558 2515 Heneti,
573 2468 688 2520 quorum
705 2451 799 2502 Heneti
813 2448 933 2504 bifariam
978 2450 1045 2517 δύης.
1072 2450 1192 2503 Eandem
1222 2460 1326 2518 gentem
1358 2450 1487 2501 lberiearn
1515 2452 1651 2505 Hecataeus
1672 2474 1765 2509 vocare

140 2531 220 2583 dirisi
235 2532 302 2593 siut,
321 2532 348 2583 in
365 2532 481 2583 Henetus
498 2530 530 2583 de
548 2530 575 2582 la
588 2535 713 2597 Bretagne
724 2540 803 2599 atque
818 2530 933 2583 Henetus
978 2530 1083 2583 videtur
1097 2529 1311 2593 Ἐλδεστίοος,
1326 2530 1607 2599 quoscumhlasticnis
1618 2536 1763 2603 componit,

141 2611 224 2663 maris
233 2608 360 2663 Adriatici
373 2609 482 2663 accolas.
499 2608 579 2677 Quod
588 2608 695 2679 quidem
709 2607 857 2675 longissime
869 2610 934 2679 peti·
977 2611 1054 2664 sicuti
1064 2611 1180 2664 Avienus
1196 2609 1214 2662 l.
1231 2609 1250 2661 l.
1262 2610 1409 2661 Massieaos
1424 2620 1483 2679 post
1495 2610 1696 2681 Libyphoenices
1709 2632 1763 2665 rne-

140 2700 201 2741 turn
215 2699 264 2741 est.
276 2692 316 2742 De
327 2698 412 2741 cetera
423 2688 501 2759 hujus
512 2687 664 2741 mutationis
675 2688 776 2739 ratione
791 2688 826 2739 ita
834 2688 934 2742 hicine·
978 2700 1072 2743 morat.
1088 2692 1099 2759 ΙΙ
1114 2719 1149 2729 -
1161 2691 1221 2758 198.
1238 2687 1261 2749 ἐξ
1273 2681 1302 2753 ἧς
1315 2688 1337 2740 δ’
1350 2687 1364 2740 ὁ
1378 2688 1454 2758 λόγος
1467 2687 1550 2741 codex
1561 2710 1568 2752 3
1578 2708 1630 2743 ern.
1641 2692 1763 2761 Scaliger.

141 2768 221 2821 liius:
237 2794 248 2815 ·
264 2771 376 2822 Prorsus
385 2768 460 2821 alieni
470 2778 531 2820 sunt
540 2786 555 2821 a
564 2768 670 2839 Scymni
680 2778 735 2820 arte
744 2785 810 2837 quos
824 2770 934 2821 [etron-
981 2771 991 2838 ΙΙ
1005 2800 1042 2809 -
1053 2787 1113 2838 199.
1126 2768 1338 2839 Ταρτήσσιοι]
1353 2768 1499 2821 Tartessius
1513 2769 1637 2821 etiamad
1651 2771 1764 2825 orienta-

142 2850 204 2902 nius
219 2850 332 2902 restituit
343 2864 468 2901 numeros
487 2846 627 2902 inserenda
638 2858 730 2901 contra
744 2846 842 2901 codicis
854 2846 932 2902 frdem
977 2849 1028 2902 lem
1042 2849 1174 2920 Hispaniae
1182 2866 1256 2902 oram
1268 2847 1424 2920 pertinuisse
1433 2859 1527 2919 praeter
1536 2849 1680 2919 Seymuum
1695 2869 1765 2905 unus

140 2929 271 3000 particula
286 2947 322 2982 τε.
349 2931 517 3000 Quamquam
536 2927 586 2981 boc
607 2927 715 2999 quidem
734 2927 933 2981 incommodum
977 2929 1059 2982 tradit
1083 2929 1201 2982 Avienus
1217 2931 1265 2982 Or.
1293 2946 1359 2980 mar.
1377 2931 1429 2990 tm
1451 2928 1565 2994 :Igitur
1585 2930 1718 2996 columnae,
1735 2945 1765 2984 ut

141 3009 226 3060 vitare
239 3009 366 3078 potuisset
379 3006 525 3060 omittenda
541 3024 619 3076 quarn
641 3006 729 3059 intulit
742 3006 882 3077 particula,
898 3008 934 3060 ita
977 3009 1098 3062 dixeram
1121 3007 1254 3078 Libystidi
1279 3011 1392 3078 Europae
1417 3007 1445 3059 in
1471 3026 1535 3072 agro
1554 3007 1766 3078 adeersasurgit

141 3099 173 3140 ut
189 3086 279 3158 Ἀδρίας
291 3086 411 3157 adjectivi
425 3087 513 3140 locum
525 3087 651 3150 obtineat,
666 3097 691 3138 et
705 3085 719 3138 6
735 3084 823 3156 Ἀδρίας
839 3086 934 3157 Ἴστρος
977 3091 1072 3142 altera.
1095 3089 1149 3141 Hic
1163 3088 1273 3158 chryseo
1294 3085 1379 3156 (hod.
1399 3086 1536 3138 Guadiarn
1549 3087 1559 3158 )
1574 3088 1661 3140 amnis
1681 3090 1765 3142 intrat

141 3166 348 3237 conjungantur.
362 3168 503 3237 Scymnum
514 3167 585 3218 enirn
595 3181 688 3218 eorum
698 3167 853 3218 sententiam
861 3184 934 3218 secu·
978 3167 1062 3219 altum
1071 3167 1211 3235 gurgitem.
1227 3166 1304 3217 Ultra
1318 3163 1436 3235 citraque
1446 3176 1560 3236 quatuor
1568 3177 1657 3230 gentes
1665 3168 1763 3223 colant.

142 3258 202 3298 turn
213 3265 282 3310 esse,
295 3247 340 3316 qui
352 3249 450 3298 lstrurn
465 3247 493 3298 iu
517 3244 571 3298 duo
591 3246 700 3298 flumina
712 3243 826 3314 disjungi
845 3247 933 3298 existi·
978 3251 1049 3300 A'am
1070 3245 1299 3314 sumserocesloc
1318 3242 1512 3314 Libppdanices
1527 3241 1675 3305 loco‚·sunt
1689 3251 1764 3299 Mos·

141 3335 257 3390 rnarent,
265 3324 533 3395 quorumalterumin
543 3325 631 3376 sinum
639 3322 933 3387 Adriaticum,alterum
977 3327 1061 3388 sieni,·
1086 3343 1163 3392 regna
1179 3323 1309 3376 Cilbicena
1329 3334 1392 3373 stent
1407 3321 1510 3388 feracis
1528 3322 1596 3387 agri,
1620 3335 1647 3375 et
1667 3323 1766 3379 diuites

143 3405 173 3456 in
183 3407 299 3458 Pontum
312 3405 447 3457 Euxinum
461 3405 553 3467 exiret,
564 3422 595 3456 err
606 3422 631 3456 ν.
644 3407 694 3466 664
708 3403 877 3472 intelligitur:
889 3402 933 3470 rhu
982 3406 1120 3468 Tartessii,
1135 3404 1182 3476 qai
1191 3401 1368 3476 porrigantur
1380 3400 1408 3452 ia
1423 3399 1585 3452 (alacritatem
1596 3400 1695 3455 sinum.
1708 3409 1766 3458 llos

142 3481 256 3554 ίιπεράνω
271 3485 355 3554 χώραν
368 3483 394 3535 hl
408 3483 479 3554 μέχρι
498 3485 541 3534 τοῦ
559 3483 679 3535 Ποντικοῦ
701 3481 799 3551 Ἴστρου
812 3483 935 3552 παρεκτεί-
974 3497 1086 3558 propter
1097 3495 1183 3535 autem
1200 3501 1261 3534 mox
1278 3482 1373 3550 jugum
1389 3479 1540 3532 Barbetium
1560 3492 1608 3543 est,
1625 3483 1766 3535 Medaelue·

147 3581 215 3614 νοοαι
228 3561 321 3634 Θρᾷκες
331 3563 479 3634 νεμόμενοι,
493 3562 589 3632 quibus
603 3561 688 3614 verbis
696 3559 856 3614 manisestod
869 3561 934 3614 llor-
978 3565 1137 3634 qaeestnmen,
1155 3561 1217 3614 urbe
1225 3579 1284 3612 cum
1296 3559 1477 3626 cognomine...
1496 3559 1685 3613 Tartessiorum
1692 3564 1765 3632 juris

144 3640 212 3702 τικδς
223 3639 319 3710 Ἴστρος
329 3641 473 3712 opponitur
483 3645 518 3712 τῷ
528 3638 675 3710 Ἀδριατικῷ.
687 3639 729 3692 Cf.
739 3659 763 3691 ν.
772 3645 833 3709 776.
845 3642 935 3692 Enim·
980 3641 1036 3694 illic
1045 3638 1252 3694 irurdaantistat
1259 3640 1357 3702 urdene,
1367 3639 1511 3693 Noctilucae
1516 3639 1550 3690 ab
1560 3638 1766 3694 incolusacrata

143 3737 209 3771 sero
233 3719 283 3772 alia
304 3737 410 3791 quoque
430 3717 583 3772 difficultate
606 3719 678 3772 locus
697 3721 837 3790 premitur.
862 3719 934 3787 Quid
974 3721 1090 3794 pridem.
1105 3718 1209 3773 Deinde
1218 3730 1356 3790 postquam
1366 3729 1518 3790 sequentem
1532 3736 1606 3772 oram
1621 3719 1670 3790 (in
1684 3739 1766 3792 eaque

143 3799 218 3850 enim
228 3817 376 3851 causaeesse
388 3797 523 3863 dicamus,
535 3797 607 3869 quod
624 3799 726 3851 tertiam
740 3810 844 3868 gentem
855 3817 934 3869 quam
978 3800 1134 3852 Alassienam
1152 3799 1245 3852 urhern
1259 3799 1394 3870 multaque
1407 3799 1563 3851 Phoenicum
1582 3796 1659 3870 loca)
1675 3817 1765 3852 recen·

144 3877 245 3930 boreali
259 3877 388 3932 columnae
400 3879 513 3934 vicinam
530 3877 594 3930 dicit
607 3879 728 3950 scriptor,
747 3878 830 3931 inutili
844 3880 935 3932 ver-bo-
979 3882 1030 3932 suit
1045 3898 1129 3950 usque
1142 3880 1177 3932 ad
1189 3879 1363 3933 Theodorum
1377 3881 1388 3947 (
1402 3877 1487 3932 Tuder
1497 3878 1565 3930 Plin.
1578 3880 1627 3942 111,
1648 3882 1674 3941 4.
1694 3883 1766 3933 Tere·

144 3974 206 4009 rum
216 3958 459 4028 circumscriptione
469 3977 484 4010 e
494 3957 638 4029 longinquo
650 3955 787 4009 ostendere
798 3975 876 4028 quam
887 3976 935 4010 suo
980 3960 1022 4012 tte
1031 3963 1085 4025 Pt.,
1096 3961 1124 4013 h.
1135 3965 1231 4026 Segeira
1238 3963 1249 4028 )
1257 3957 1460 4023 lluvium,addit
1469 3977 1494 4010 v.
1507 3962 1558 4020 46α
1565 3973 1572 4010 :
1579 3957 1633 4010 Hic
1641 3958 1767 4010 ternu'rues

145 4035 254 4087 nomine
261 4037 390 4106 appellare
398 4037 526 4090 voluerit?
535 4041 625 4109 ltaque
633 4055 686 4088 non
696 4039 792 4088 Istrum
802 4036 847 4088 sed
855 4040 935 4090 Istros
979 4039 1109 4111 quondam
1120 4040 1195 4092 stetit
1211 4038 1402 4092 Tartessiorum
1411 4060 1419 4098 ,·
1429 4037 1472 4090 liic
1483 4039 1573 4089 Herna
1583 4036 1682 4088 ciuitas
1687 4037 1766 4104 βαι,-

145 4125 366 4168 commemoratos
391 4116 520 4181 arbitrum
542 4133 626 4186 eoque
648 4117 726 4167 etiam
754 4113 837 4167 codex
862 4115 936 4169 ducit
980 4125 1116 4190 (lynetretes
1129 4120 1268 4184 istnrgens
1283 4118 1351 4170 locos
1371 4115 1510 4169 insederat.
1525 4117 1648 4168 Ceterum
1664 4134 1697 4166 eo
1712 4115 1766 4168 sere

145 4193 243 4262 inquo
256 4192 345 4265 Ἴστρῳ
364 4195 492 4266 scripturn
508 4206 556 4248 est.
576 4195 637 4248 Istri
650 4205 737 4248 autem
750 4197 858 4248 Venetis
872 4215 935 4248 cou-
980 4217 1065 4269 usque
1077 4197 1270 4250 Tartessiorum
1289 4193 1364 4246 sedes
1374 4193 1488 4265 prolatas
1505 4211 1561 4246 csse
1577 4195 1709 4245 nonnisia
1725 4212 1765 4246 se-

144 4273 262 4326 termiui.
286 4275 323 4326 V.
344 4274 436 4345 Scylax
457 4277 471 4342 S
489 4291 533 4340 20,
558 4277 693 4328 Hecataeus
710 4293 753 4346 ap.
773 4276 811 4340 St,
831 4277 893 4346 1352.
909 4295 934 4330 ν.
981 4277 1097 4331 rioribus
1108 4291 1257 4347 parumque
1273 4274 1401 4326 accuratis
1419 4272 1604 4344 scriptoribus,
1620 4273 1665 4341 qui
1683 4283 1764 4326 totam

146 4349 256 4421 Ἴοτροι,
271 4353 400 4423 scymnus
412 4371 438 4406 ν.
458 4354 506 4422 39¹
518 4393 524 4418 ,
538 4365 565 4407 et
580 4371 658 4425 quern
670 4357 798 4425 Seymnus
811 4356 937 4425 expressit
980 4360 1101 4411 Baticam
1113 4367 1139 4408 et
1149 4354 1301 4408 ulteriorem
1310 4354 1389 4406 etiam
1400 4354 1533 4423 regionem
1544 4352 1668 4421 usquead
1678 4352 1766 4405 Balea-

145 4430 324 4500 Apollodorus
335 4451 378 4503 ap.
392 4433 430 4486 St.
444 4435 474 4486 B.
489 4451 514 4486 v.
534 4431 642 4496 Ὑλλεῖς.
661 4435 783 4487 Ceterum
797 4433 864 4495 ίντδς
882 4453 935 4487 non
980 4437 1051 4490 rides
1075 4436 1128 4489 lere
1148 4434 1246 4487 insulas
1263 4435 1421 4486 Tartessium
1442 4433 1540 4485 laxiore
1554 4430 1674 4483 vocabuli
1687 4450 1766 4485 sensu
1840 4449 1845 4456 ·

144 4528 208 4563 cum
229 4517 277 4564 τῶν
295 4509 480 4581 jungendum,
503 4524 533 4565 ut
552 4514 636 4566 visum
657 4525 695 4566 cst
715 4515 875 4578 Lctronnio,
890 4513 936 4566 scd
982 4516 1115 4580 vocarint,
1131 4513 1203 4567 credi
1217 4513 1308 4584 possit,
1321 4532 1352 4566 uc
1363 4523 1477 4566 statuere
1488 4509 1592 4562 videtur·
1606 4512 1764 4564 Alovcrsius.

144 4608 208 4643 ‘⁰¹¹¹
224 4592 394 4662 Sequessllbus
409 4591 442 4653 εἷς
462 4593 505 4646 ¹¹0¹
527 4591 633 4663 'diplom
645 4595 751 4662 genitivi
765 4604 852 4646 aulem
873 4611 936 4664 pen·
982 4597 1055 4650 Licet
1067 4606 1154 4648 tamen
1174 4593 1280 4664 Scyrnni
1296 4589 1608 4661 Avieniquesentcntiam
1625 4588 1767 4643 defendere

144 4669 211 4722 dent
220 4670 254 4723 ab
264 4671 464 4743 laqueumquod
473 4691 505 4725 ex
518 4673 696 4744 superioribus
707 4673 903 4726 assurnendurn.
922 4701 933 4722 ι
981 4685 1008 4727 et
1018 4671 1051 4726 ad
1059 4673 1228 4726 remotiorem
1244 4681 1345 4724 atatem
1358 4669 1464 4722 reicere.
1475 4670 1579 4721 Etenim
1586 4687 1670 4739 quum
1680 4671 1767 4722 Ptenis

149 4753 160 4820 41
169 4780 206 4790 -
215 4755 274 4820 196.
286 4755 308 4804 A
320 4751 480 4821 digressione
489 4751 522 4805 de
531 4754 663 4807 Celtarum
673 4753 778 4806 sedibus
785 4753 835 4806 late
846 4765 937 4824 patcn·
980 4754 1118 4806 Tartessos
1129 4751 1261 4804 diceretur
1280 4749 1388 4814 Tarsis,
1403 4747 1438 4802 ad
1448 4749 1592 4801 Tartessios
1606 4751 1711 4801 Movees
1726 4767 1767 4801 re-

146 4827 219 4882 tibus
239 4830 308 4882 redit
324 4840 416 4884 auctor
435 4831 469 4884 ad
484 4833 603 4885 Herculis
617 4833 768 4897 columnas,
784 4832 936 4886 orientalem
982 4833 1033 4887 sert
1043 4833 1165 4903 Ταρα4ιον
1177 4841 1204 4884 et
1221 4827 1354 4900 θεροίτας,
1370 4846 1488 4899 quorum
1508 4829 1629 4882 meminit
1642 4829 1768 4899 Polybius

147 4909 281 4979 Hispaniae
298 4929 373 4964 oram
384 4913 561 4982 expositurus.
577 4916 668 4981 Quum
685 4913 712 4964 in
722 4911 937 4965 antecedentibus
982 4915 1031 4978 lll,
1043 4913 1087 4975 33,
1104 4931 1131 4980 9,
1145 4910 1192 4962 uhi
1204 4926 1211 4963 ι
1225 4904 1287 4974 ἦσαν
1301 4906 1327 4960 δὲ
1338 4907 1362 4959 ol
1379 4907 1507 4969 διαόίντες
1521 4906 1767 4979 (sc.gentes1heri·

142 4985 199 5057 jam
214 4990 364 5043 meminerit
373 4991 428 5044 sitae
438 4992 466 5044 irr
480 5011 512 5045 co
524 4992 601 5045 litore
617 4994 740 5046 lllrcnacae
764 4991 853 5056 urbis,
869 4992 937 5046 ordo
982 5011 1019 5044 cre
1029 4992 1064 5044 ab
1074 4988 1220 5044 Hannibale
1233 4989 1261 5040 in
1283 4987 1394 5058 Libyam
1409 4986 1567 5040 transductae
1578 4989 1589 5056 )
1602 4983 1765 5056 θερσῖται,

145 5085 309 5138 perregeseos
324 5070 457 5140 neglectus
476 5071 557 5138 soret,
573 5073 623 5125 nisi
642 5074 757 5125 lllaeuuee
777 5091 808 5124 ex
823 5073 937 5126 auctoris
983 5067 1245 5140 λίαστιανοὶ,τρ“ος
1255 5067 1283 5120 δὲ
1293 5067 1388 5129 τούτοις
1398 5065 1507 5138 'lipsien
1517 5063 1768 5135 ἼὸηρεςκαίὌλκα-

145 5148 273 5216 opinione
284 5167 366 5220 prope
377 5150 512 5204 columnas
530 5162 596 5204 esset
613 5151 772 5206 collocanda.
787 5155 798 5222 ΙΙ
821 5183 857 5193 -
878 5157 937 5221 196.
984 5152 1038 5215 δας
1047 5162 1073 5205 et
1082 5153 1131 5215 tlt,
1144 5154 1189 5214 α4,
1203 5148 1249 5202 uhi
1257 5150 1283 5200 in
1294 5146 1502 5201 vetustolendere
1513 5143 1768 5212 tmrtugtntenaum

146 5227 189 5278 lle
198 5227 300 5282 Sardoo
310 5229 374 5282 rrruri
384 5229 419 5282 cl.
432 5248 456 5283 v.
472 5233 530 5285 rot.
544 5233 599 5302 44-
623 5248 682 5300 ¹97·
706 5232 937 5303 Λιδυροίνικες]
984 5232 1096 5301 legitur:
1110 5233 1153 5284 τοῦ
1168 5227 1253 5284 Καλοῦ
1263 5226 1424 5300 ἀκρωτηρίου,
1435 5224 1587 5288 Μαρτίας,
1600 5222 1765 5294 Tagonios,
