3775 5750
227 355 291 399 aas
883 332 1181 396 PROLEGOMENA.
1352 322 1355 327 ¹

224 460 340 539 jarem
370 470 400 515 at
426 456 508 515 nulla
531 456 575 515 ibi
601 468 646 516 cst
666 457 762 516 insula
790 478 857 536 quae
887 457 1013 531 intelligi
1055 468 1099 511 tm
1111 463 1201 512 sr'nrnn
1215 459 1353 513 Persicum
1367 458 1848 515 Cerneuontr‘nnturr'nsnlneeler-

228 574 295 613 σιω
309 550 528 632 probabilitatis
547 552 647 629 aliqua
660 548 759 629 specie
777 554 887 631 possit,
900 572 966 611 nam
978 552 1014 609 de
1053 570 1087 608 sa
1101 554 1261 629 Ethiopian,
1278 562 1357 626 cujus
1369 572 1458 629 neque
1472 556 1636 627 magnitudo
1649 573 1741 628 neque
1760 561 1847 611 inter·

229 653 325 707 Fednl
343 647 439 707 insula
461 646 515 705 six
541 647 616 705 18⁰0
635 646 758 706 stadiae
777 648 851 708 lreto
868 648 1015 706 Gaditano
1055 652 1159 705 nolum
1184 664 1205 705 ct
1228 656 1531 719 commentatorum,
1563 648 1709 724 AEtlu‘oper
1732 664 1845 707 tanturn

229 746 345 816 dissita,
359 764 426 823 qun
439 743 597 802 Goeselino
618 743 656 820 (Ἴ
672 755 717 801 est
730 741 826 799 Cerne
844 740 1012 812 Hannonis,
1048 746 1171 819 populor
1179 745 1283 801 labere
1286 748 1426 820 proditio.
1434 743 1524 802 ldenr.
1535 742 1578 801 ib.
1590 764 1597 800 t
1609 744 1740 819 Ephorus
1746 760 1850 802 auctor

229 844 330 900 sanior
349 860 435 899 nemo
455 838 611 915 cogitabit3
633 858 687 897 nec
714 840 807 913 magis
826 857 880 897 nos
906 837 1014 915 juvant
1059 840 1231 895 estollubro
1240 842 1531 912 monnartgantesr'n
1550 856 1616 893 eam
1632 836 1766 911 (Cernen
1782 842 1848 914 so}

230 948 316 995 terre
326 948 422 995 motus
430 948 460 994 et
469 935 676 993 inundationes
683 954 756 1012 quas
766 934 895 1009 Cernen,
904 948 937 992 ut
949 935 1014 993 Pla·
1057 950 1111 987 non
1117 936 1282 1007 posseulrra
1293 937 1439 990 columnas
1447 934 1579 1007 quasdem
1591 930 1648 1011 (lta
1657 938 1850 1011 appellentur
1880 937 1881 1009 l

230 1030 309 1089 tonis
322 1032 407 1089 istam
428 1028 616 1100 Atlantidem,
638 1027 823 1107 absorpsisse
839 1028 1013 1106 quibusdam
1053 1030 1419 1105 parvoer'nsnleelprovelrl.
1433 1029 1529 1087 Nimis
1543 1029 1603 1086 haec
1619 1046 1692 1103 vaga
1706 1048 1795 1106 quam
1809 1020 1850 1087 'nt
1880 1010 1881 1021 ἵ

229 1125 351 1204 placuit.
375 1123 470 1183 Immo
493 1123 610 1184 Plinius
633 1124 725 1182 rerba
746 1124 821 1182 illa:
847 1133 1016 1183 incruenta
1057 1127 1265 1182 accuratiorem
1275 1123 1497 1203 topographiarn
1510 1122 1849 1194 admittant3Ptolemaei

230 1226 407 1280 Mauntanta
420 1220 457 1279 de
474 1240 529 1279 suo
549 1240 628 1299 penu
645 1221 802 1279 oscitanter
816 1221 929 1299 adjecit
942 1222 1015 1279 Nam
1058 1233 1151 1277 autem
1173 1222 1332 1293 sententia,
1356 1240 1393 1279 eu
1414 1240 1472 1299 qua
1497 1220 1591 1278 Cerne
1611 1219 1720 1277 Atlanti
1736 1220 1850 1297 majori

229 1314 475 1375 confudisseeum
493 1311 676 1370 hlauritaniae
691 1326 720 1372 et
734 1313 954 1372 meridionalem
969 1314 1016 1373 Ε·
1058 1311 1240 1373 Mauritania
1251 1314 1380 1392 objacet,
1396 1313 1544 1391 quomodo
1555 1327 1619 1372 orta
1630 1315 1668 1372 sit
1682 1314 1768 1373 lacile
1781 1313 1850 1391 jam
1881 1323 1882 1371 l

229 1411 350 1489 thiopiae
368 1409 512 1467 Atlantem
531 1425 621 1484 supra
638 1406 699 1484 jam
713 1407 859 1481 vidimus,
873 1421 1016 1486 praeterea
1058 1408 1244 1484 intelligitur.
1259 1409 1351 1467 Sicuti
1363 1408 1480 1467 Plinius
1494 1406 1553 1466 duo
1570 1408 1757 1485 antiquorum
1771 1411 1850 1467 scri·

228 1526 267 1565 ex
277 1506 392 1584 reliqua
404 1502 494 1581 hujus
508 1522 570 1561 orte
590 1502 787 1582 descriptione
807 1517 884 1582 patet
898 1505 1016 1564 diverse
1058 1514 1175 1579 ptorum
1190 1503 1321 1561 Atlantes
1329 1504 1360 1560 in
1371 1522 1461 1561 unum
1472 1502 1679 1561 Mauritaniam
1692 1504 1849 1573 conflavit,

229 1620 294 1660 enm
308 1599 460 1659 miscuisse
477 1598 644 1657 festinantia
663 1599 931 1678 compilatoria(v.
953 1613 1014 1662 not.
1058 1595 1101 1655 sic
1120 1594 1293 1655 Ptolemaeus
1316 1596 1471 1672 distinguit
1501 1595 1634 1673 quidem,
1661 1597 1850 1676 alterumque

230 1694 268 1756 ad
284 1694 378 1752 llann.
401 1714 432 1772 p.
452 1695 586 1770 qesta).
599 1693 711 1763 Quodsi
728 1694 792 1773 ipse
813 1694 957 1770 Polybius
979 1695 1016 1754 de
1059 1691 1202 1759 Atlantem
1218 1692 1381 1767 minorem,
1396 1692 1520 1751 alterurn
1539 1692 1678 1771 majorem
1693 1694 1781 1766 dicit,
1795 1698 1850 1753 sed
1882 1712 1883 1733 r

230 1789 325 1848 Cerne
334 1788 371 1846 ad
383 1788 572 1846 Mauritanioe
582 1792 724 1845 Atlantem
738 1787 874 1865 ponenda
886 1790 1015 1849 monuis·
1058 1786 1545 1865 utrumquevindicathlauritaniae.
1553 1787 1637 1857 Quod
1645 1788 1765 1865 quidem
1774 1810 1851 1867 prar-

231 1896 285 1955 set,
296 1881 349 1961 qui
362 1882 394 1941 lit
405 1882 583 1941 utalioloco
594 1881 711 1941 Plinius
723 1884 845 1942 miretur
856 1880 1015 1961 Polybium
1058 1894 1103 1940 ter
1122 1882 1309 1941 Ptolemaeum
1329 1902 1366 1941 an
1389 1884 1465 1942 alius
1486 1882 1565 1942 nllus
1583 1883 1699 1954 lecerit,
1724 1886 1847 1955 nescio;

231 1980 379 2039 Atlantem
402 1980 434 2037 in
456 1979 560 2037 ultima
581 1978 729 2057 AEtbiopia
746 1978 903 2050 collocare,
928 1998 1016 2057 quem
1058 1996 1125 2035 narn
1139 1978 1276 2057 Stephani
1291 1979 1361 2055 Byr.
1379 1978 1470 2037 rerba
1484 2000 1491 2036 ε
1507 1976 1658 2051 Ἄτλαντας,
1673 1978 1744 2047 ἔθνος
1763 1982 1848 2041 Atio-

229 2075 428 2133 ceteriomnes
442 2073 626 2133 Mauritaniae
635 2074 940 2148 assignareuttnonne
954 2088 1015 2134 tum
1058 2074 1117 2131 κόν·
1136 2074 1275 2155 Ἡρόδοτος
1296 2074 1329 2133 δ’.
1344 2073 1400 2133 len
1421 2073 1466 2133 eal
1480 2072 1511 2132 τὸ
1530 2074 1615 2149 ὄνομα
1630 2074 1683 2131 ἀπὸ
1696 2078 1751 2133 τῶν
1765 2078 1848 2154 ὀρῶν,

230 2168 306 2227 scire
319 2162 444 2226 debebat
456 2167 529 2225 duos
542 2167 723 2243 distinguere
741 2167 899 2246 Polybium
914 2168 1015 2230 Atlan·
1057 2169 1185 2235 τῶνδῦσ
1199 2168 1404 2242 Ἀτλάντων,
1419 2189 1489 2228 num
1497 2169 1647 2230 Ptolemaei
1657 2174 1846 2243 sententiam,

230 2273 275 2319 tes
284 2259 340 2339 (Ἲῖ
363 2259 490 2318 Eandem
509 2262 705 2335 ignorantiam
724 2274 754 2320 et
766 2262 887 2343 ἀκρισίαν
905 2265 1015 2343 prodit,
1057 2284 1094 2323 an
1104 2267 1280 2345 scriptorum
1291 2266 1502 2344 antiquiorum,
1513 2279 1653 2345 spectent,
1664 2284 1724 2325 non
1736 2268 1846 2345 liquet.

229 2355 283 2414 ubi
293 2353 471 2413 Atlantidem
481 2354 588 2413 Atlanti
599 2355 730 2433 adjacere
737 2357 793 2427 ait;
804 2376 870 2415 narn
878 2360 931 2416 etsi
937 2359 1015 2417 hunc
1057 2358 1129 2429 Qua
1145 2374 1284 2438 praterea
1295 2360 1331 2418 de
1340 2360 1433 2418 Cerne
1445 2360 1542 2419 insula
1560 2360 1734 2434 asseruntur,
1749 2366 1847 2441 poeti·

124 2513 138 2541 ,
230 2451 375 2509 Atlantem
388 2450 406 2509 5
418 2450 532 2509 dicrum
545 2452 733 2527 navigatione
743 2452 781 2511 ab
792 2450 913 2532 llcsperi
923 2473 1014 2513 cornu
1057 2459 1143 2515 neam
1153 2457 1285 2516 redolent
1293 2457 1450 2516 licentiam.
1463 2454 1512 2514 Sic
1521 2456 1698 2535 Lycophron
1705 2458 1791 2519 Cass.
1810 2462 1846 2517 16

230 2546 372 2605 orientem
392 2564 495 2603 rersos
508 2545 617 2604 distare
634 2546 797 2619 retulisset,
814 2566 874 2606 non
887 2561 1015 2607 tamena
1057 2552 1089 2611 in
1103 2552 1196 2615 Cerne
1213 2552 1296 2631 lingit
1310 2549 1407 2609 cubile
1430 2550 1571 2628 Aurorae,
1589 2564 1734 2611 extremas
1752 2566 1846 2612 terr-a-

229 2653 328 2699 mente
342 2640 523 2701 ilenritsniae
535 2639 685 2699 diversom
698 2640 775 2703 lacit.
1058 2665 1122 2705 rum
1134 2648 1234 2725 plagas
1248 2645 1449 2718 confundens,
1474 2646 1561 2705 sicuti
1576 2649 1683 2724 passim
1697 2645 1805 2705 indica
1818 2664 1847 2707 et

271 2734 338 2793 llec
352 2734 442 2810 igitur
458 2734 491 2791 in
506 2734 606 2812 aprico
619 2746 699 2794 sunt.
712 2736 811 2795 Minus
826 2737 919 2814 liquet
939 2756 1014 2815 qno·
1056 2738 1218 2819 AEthiopica
1236 2752 1449 2820 permutantur.
1471 2740 1655 2819 Palaephatus
1675 2742 1707 2800 in
1725 2740 1845 2801 Incred.

230 2831 319 2891 modo
344 2830 448 2890 lactura
475 2831 515 2890 sit
533 2843 565 2889 ut
587 2830 681 2890 Cerne
702 2831 799 2890 insula
815 2832 850 2892 ad
870 2834 1016 2895 Atlantem
1057 2854 1082 2896 c.
1100 2836 1135 2894 33
1146 2848 1244 2894 namet
1255 2834 1409 2908 Perseum,
1429 2836 1619 2914 pernavigato
1632 2836 1717 2909 mari,
1731 2838 1847 2915 quoda

229 2928 294 2986 sire
311 2926 348 2984 ad
367 2927 558 2984 llannoneum
570 2927 692 3005 llesperi
706 2947 799 2987 cornu
814 2929 1013 2990 transferatur.
1056 2929 1187 2989 Gadibus
1200 2949 1291 3008 usque
1305 2930 1341 2989 ad
1351 2931 1464 2988 Cernen
1476 2931 1602 3008 pertinet
1612 2932 1663 3008 (⁴³⁴)
1675 2933 1798 2990 venisse
1809 2935 1845 2991 nel

229 3028 274 3080 An
287 3039 385 3081 merus
392 3034 437 3080 est
444 3039 529 3080 error
539 3023 702 3101 scriptoris,
713 3022 798 3100 cujus
809 3023 1013 3086 aetateCernen
1056 3025 1226 3102 Gorgones,
1253 3026 1329 3085 lilias
1348 3024 1498 3102 Phorcyos
1512 3025 1624 3084 Cernaei
1639 3047 1646 3082 ι
1666 3027 1702 3086 Ol
1716 3025 1745 3084 dl
1771 3031 1846 3106 Κερ-

229 3118 356 3178 insulam
363 3117 474 3176 dadum
488 3117 739 3194 Carthaginienses
751 3118 957 3178 deseruerant?
970 3129 1014 3180 An
1055 3123 1123 3181 ναῖοι
1135 3121 1203 3180 κατὰ
1212 3122 1283 3200 γένος
1290 3120 1337 3198 μέν
1350 3123 1400 3180 τίσν
1410 3120 1544 3196 Αἰθίοπες,
1552 3123 1653 3180 οἰκοῦσι
1662 3121 1689 3182 ll
1700 3125 1783 3192 νῆσον
1798 3123 1847 3194 τὴν

229 3214 325 3274 Cerne
333 3233 399 3272 cnrn
412 3211 541 3290 Cyrauui
554 3213 762 3273 confunditur?
775 3213 879 3275 Nescio
890 3236 927 3275 an
940 3237 1012 3294 pro·
1058 3219 1080 3278 Κ
1085 3215 1160 3294 ίρνην
1173 3215 1223 3284 ἔξω
1237 3205 1318 3274 οὖσαν
1335 3218 1388 3274 τῶν
1402 3213 1567 3295 Ἦρακλιίων
1582 3217 1694 3288 στηλῶν,
1704 3218 1804 3296 ἐροῦσι
1819 3219 1847 3276 δὲ

228 3306 358 3370 habilior
368 3308 443 3370 ratio
454 3308 604 3368 ollerator.
621 3308 734 3368 Etenim
751 3308 782 3367 in
796 3309 925 3388 Cyrauni
938 3331 1012 3390 quo·
1055 3309 1158 3383 Διὸύην
1169 3311 1229 3392 arpi
1240 3309 1284 3370 riv
1298 3309 1415 3372 Ἄννωνα
1436 3310 1555 3388 ποταμὸν
1575 3311 1644 3370 κατὰ
1658 3313 1845 3391 Καρχηδόνα,

228 3424 285 3484 que
294 3405 652 3481 insulaCarthaginienses
663 3406 841 3466 commercia
848 3410 1013 3468 exercuisse
1056 3410 1086 3468 in
1102 3407 1210 3486 quibus
1221 3409 1247 3466 si
1259 3425 1363 3466 revera
1372 3407 1457 3466 fluvii
1466 3406 1575 3466 mentio
1590 3405 1664 3464 sacta
1676 3420 1729 3479 est,
1742 3404 1847 3466 Ἄννων

228 3505 338 3564 scimus
353 3523 392 3562 ex
411 3505 577 3578 lierodot03
590 3503 678 3584 Klprq
700 3519 795 3564 autem
815 3523 934 3576 nomen,
955 3505 1012 3563 Bo·
1056 3503 1145 3561 suerit
1160 3502 1233 3562 Χίων
1251 3501 1390 3579 Scylacis.
1416 3504 1453 3559 At
1477 3499 1661 3578 probabilius
1681 3501 1847 3580 Palaephati

228 3597 329 3657 charto
336 3599 657 3677 interprete,signillcat
662 3601 865 3657 habitationem
870 3604 1010 3657 nltimam.
1055 3597 1226 3654 sententiam
1240 3597 1329 3654 luisse
1345 3617 1352 3652 :
1368 3596 1460 3672 ἀραῦσι
1472 3591 1500 3650 ll
1515 3590 1627 3664 Λιίύην,
1639 3596 1674 3660 ὡς
1687 3595 1710 3652 οἱ
1723 3595 1787 3673 περὶ
1800 3597 1846 3654 τὀν

228 3691 322 3755 stetui
338 3693 430 3767 igitur
441 3704 537 3770 potest
551 3711 660 3752 nomen
671 3694 745 3753 illud
756 3713 774 3752 n
785 3693 879 3752 Cerne
891 3689 1012 3752 Hanno·
1054 3687 1170 3754 Ἄννωνα
1183 3689 1380 3770 insequereris
1395 3687 1463 3747 κατὰ
1481 3691 1514 3748 Κ.
1559 3727 1564 3737 -

228 3805 284 3846 nea
296 3787 471 3866 paullopost
480 3787 511 3844 in
524 3786 760 3864 longinquiorem
770 3788 846 3847 hanc
859 3789 1011 3847 stationem
1097 3798 1147 3856 la.
1160 3789 1302 3846 llactenus
1312 3787 1349 3844 de
1360 3785 1572 3864 geographicis.
1580 3784 1712 3843 Transeo
1722 3787 1760 3843 ad
1771 3788 1845 3846 reli·

228 3901 292 3942 esse
312 3884 523 3941 transductum.
541 3883 677 3940 Ceterum
695 3904 758 3961 quse
778 3884 816 3942 ele
829 3883 937 3942 Cernes
954 3887 1012 3944 situ
1055 3907 1112 3965 qua
1122 3898 1294 3956 commenta,
1309 3884 1417 3961 quibus
1434 3883 1584 3942 Hannonis
1598 3884 1729 3942 narratio
1740 3903 1845 3942 ansam

167 3970 171 3978 ”
228 3975 369 4055 Polybius
376 3977 497 4054 aceepit,
504 3978 604 4035 eadem
613 3975 674 4054 jam
684 3978 893 4037 novisserlebet
900 3993 1010 4052 auctor,
1055 3981 1192 4060 praebuit.
1210 3981 1242 4039 ln
1253 3980 1348 4038 insula
1360 3978 1395 4036 ad
1409 3977 1539 4056 llesperu
1550 3997 1642 4037 cornu
1658 3978 1739 4052 ignes
1752 3993 1847 4036 noctu

228 4091 289 4150 qno
298 4087 368 4130 unes
377 4084 421 4130 est
431 4070 467 4129 ad
477 4071 679 4130 adornandam
689 4073 914 4150 mythologicaru
929 4094 1010 4133 stram
1053 4077 1308 4153 Carthaginienses
1325 4087 1552 4153 conspexerant;
1577 4074 1654 4150 apud
1677 4073 1846 4132 Diodorum

227 4168 433 4248 geographiam
457 4167 619 4245 Dionysius
635 4167 881 4247 Scytobraclrion‚
902 4189 939 4228 ex
953 4191 1012 4248 qno
1054 4172 1073 4231 l.
1089 4173 1109 4231 l.
1123 4172 1263 4251 llesperie
1277 4169 1363 4230 habet
1381 4187 1486 4245 magna
1506 4167 1585 4248 reple
1604 4166 1792 4247 ἐκφυσήματα.
1816 4171 1847 4226 ln

227 4286 279 4325 sua
302 4266 449 4325 Diodorus
466 4261 562 4324 habet.
579 4265 620 4323 Ac
633 4283 723 4342 quum
734 4267 777 4324 sic
791 4265 885 4324 Cerne
896 4285 956 4324 non
972 4267 1012 4325 ita
1053 4267 1155 4327 'l'heon
1169 4269 1316 4326 oclrernate
1337 4267 1466 4324 llammas
1481 4267 1620 4324 micantes
1635 4263 1738 4322 Hanno
1751 4265 1849 4324 virle-

228 4365 313 4438 longe
334 4385 351 4421 a
376 4362 451 4422 mari
474 4361 624 4439 Erythraeo
646 4362 748 4422 abesse
761 4365 857 4441 putari
882 4363 1010 4436 deberet,
1055 4378 1114 4437 rat3
1129 4365 1252 4444 posteris
1266 4364 1335 4423 inde
1352 4363 1384 4422 lit
1401 4381 1485 4421 mons
1508 4363 1685 4438 ignivomus.
1698 4360 1846 4433 Gor-illae,

226 4459 367 4534 explicari
393 4458 611 4536 quodammodo
632 4471 756 4536 possunt
780 4479 845 4534 quae
877 4458 1012 4532 leguntur
1054 4462 1168 4538 quaein
1190 4472 1376 4537 conspectum
1392 4469 1548 4529 venerant,
1571 4455 1709 4533 majorem
1726 4471 1847 4532 partem

226 4551 305 4628 aprul
316 4549 446 4610 Plinium
458 4552 507 4625 tlt,
527 4553 576 4625 36,
599 4550 666 4629 ubi,
681 4565 835 4630 postquam
850 4553 882 4610 in
900 4567 1010 4614 antece.
1054 4567 1136 4614 erant
1156 4555 1289 4625 lmrrinae3
1306 4553 1374 4611 hinc
1393 4553 1445 4611 alii
1461 4551 1626 4610 fabulantur
1630 4549 1764 4622 seminas
1780 4561 1849 4610 sr'ue

228 4643 400 4715 Erulorum,
415 4645 633 4706 'l'imosthenem
647 4659 676 4705 et
687 4647 862 4704 Clitarchum
879 4647 1012 4706 laudare·
1054 4659 1127 4708 cotra
1137 4656 1254 4706 errorum
1274 4669 1327 4705 rua
1338 4661 1436 4723 sponte
1445 4646 1589 4719 secundas
1607 4644 1704 4721 (llela
1716 4643 1772 4712 111,
1791 4651 1846 4723 9),

227 4752 283 4806 ιιι,
291 4757 329 4798 σι
338 4759 398 4799 uno
406 4739 535 4801 alterove
543 4743 647 4804 horum
658 4756 809 4801 auctorum
822 4744 927 4803 relert:
940 4747 1013 4803 Con·
1054 4745 1105 4804 alii
1118 4743 1187 4809 ἔθνος
1196 4741 1480 4821 γυναικοκρατούμενον
1492 4742 1641 4816 lingentes,
1652 4757 1689 4796 ex
1702 4739 1771 4797 Asia
1784 4738 1848 4800 hue

258 4923 290 4986 l')
306 4921 461 4974 umbertum
473 4936 521 4974 rur
532 4923 561 4973 lo
574 4928 656 4988 σέοστ,
669 4931 731 4977 tom.
748 4930 768 4989 Ι,
779 4941 802 4990 p.
813 4931 843 4979 tr
853 4941 907 4990 sqq.
925 4956 955 4971 -
973 4930 1007 4978 De
1017 4928 1077 4978 mira
1088 4927 1181 4977 ratione
1194 4939 1242 4990 qur
1257 4925 1394 4977 (tesselinus
1407 4924 1531 4974 Hannonis
1548 4923 1724 4986 navigationem
1736 4923 1847 4974 adum·

226 4995 271 5054 rlt,
283 5005 361 5054 qutrm
371 4993 461 5056 srplrrs
472 4993 517 5042 rlri
528 4993 591 5043 dotti
601 4996 717 5057 judicium
730 4997 840 5058 tulerint,
853 5009 902 5046 non
910 5001 947 5047 est
958 5011 1001 5047 cur
1012 5001 1095 5059 agatur
1104 4998 1193 5046 denno.
1205 4997 1287 5058 Neque
1298 4995 1372 5057 magis
1387 4995 1545 5044 ltnrnoramur
1557 4993 1737 5056 opinationibus
1754 5007 1846 5046 eorum

226 5066 270 5128 qul
280 5067 374 5116 canu
387 5063 553 5128 quautirerunl
563 5064 587 5112 ln
599 5063 656 5116 lretl.
668 5066 772 5116 lludere
783 5068 821 5116 rel
832 5067 978 5129 Alcqronzn
988 5069 1025 5118 rel
1036 5069 1109 5119 etiam
1121 5067 1145 5115 in
1157 5064 1339 5127 lludnqoscor·.

259 5134 306 5194 (”)
315 5133 395 5183 Verba
407 5136 465 5183 utnl
478 5152 484 5183 t
496 5134 581 5196 μσσαξὺ
597 5141 638 5193 τῆς
649 5138 735 5198 Κίρκης
744 5140 784 5185 καὶ
795 5145 835 5196 τῆς
845 5139 972 5202 Γαδαρέων
982 5137 991 5196 (
1001 5139 1107 5201 Σαρδέων
1116 5135 1185 5184 oorld.
1197 5135 1205 5196 )
1216 5135 1331 5184 &raalio-r
1340 5135 1369 5183 rit
1383 5133 1448 5197 napis
1459 5139 1500 5192 τῆς
1509 5135 1587 5197 ἐτέρας
1601 5135 1634 5190 εἰς
1645 5135 1687 5200 τῂν
1700 5135 1792 5198 ἑτέραν,
1803 5137 1845 5186 τὸν

227 5203 345 5268 ὀφθαλμὸν
353 5205 474 5266 leuton
485 5202 549 5253 ltilrll
564 5202 600 5253 tris
611 5205 673 5253 inest
682 5218 727 5253 cur
741 5209 835 5257 cernen
847 5207 955 5257 nonnulli
968 5211 1078 5270 mutarent
1088 5219 1102 5255 a
1114 5205 1251 5268 Paluqurato
1264 5205 1293 5253 ul
1308 5205 1395 5255 [return
1406 5205 1553 5256 Gaditanum
1567 5205 1630 5267 [nol.
