3775 5750
183 410 214 450 rr
883 390 1095 453 ruAErttto.

184 526 374 618 subjicitur
395 525 557 619 ejusdem
580 526 686 594 maris
706 523 879 620 periplus,
902 548 1013 619 quem
1034 524 1162 593 incerti
1184 524 1248 591 aevi
1272 524 1426 618 scriptor
1454 548 1657 617 anonymus
1678 548 1720 591 ex
1734 528 1792 591 Ar-

185 650 286 717 riano
315 648 466 744 aliisque
489 647 652 718 lurrtibus
683 648 928 716 concinnavit.
953 646 1125 717 Similiter
1145 661 1227 741 post
1252 646 1449 741 periegesin
1484 646 1688 735 iambicam,
1714 672 1794 741 qum

184 772 330 866 Scymni
349 771 429 841 Chii
447 771 518 841 dici
536 770 638 858 solet,
657 770 853 839 versiculos
870 770 1035 864 Dionysii
1054 768 1283 865 Calliphonte
1303 770 1377 839 nati
1394 767 1667 839 collocavimus.

232 896 348 965 Verba
366 920 489 990 graeca,
507 895 719 989 ubicunque
736 893 812 964 fieri
838 893 970 989 potuit,
987 918 1007 963 e
1026 893 1216 963 codicibus
1226 893 1407 981 Parisiuis‚
1424 892 1609 981 Romanis,
1629 897 1794 967 Escoria·

185 1017 347 1089 lensibus
376 1020 432 1089 vel
454 1019 576 1089 denuo
607 1018 664 1088 vel
685 1042 785 1089 nunc
808 1018 968 1114 primum
991 1016 1130 1087 collatis
1159 1018 1456 1112 recognovimus;
1485 1016 1595 1087 latina
1612 1034 1674 1087 aut
1701 1044 1794 1090 nova

185 1141 314 1212 damus
328 1158 390 1213 aut
406 1140 532 1238 priscis
547 1140 806 1213 emendatiora.
817 1141 926 1209 Crisis
944 1162 1059 1235 quum
1074 1137 1209 1209 bonam
1225 1155 1364 1235 partem
1385 1140 1422 1209 in
1440 1138 1685 1234 dijudicandis
1702 1143 1796 1213 loco-

186 1291 266 1336 rum
288 1267 502 1337 nominibus
516 1282 552 1335 et
573 1265 757 1335 distantiis
776 1264 893 1359 posita
912 1260 959 1333 sit
974 1286 1042 1333 nec
1068 1263 1136 1334 rite
1151 1265 1267 1360 possit
1282 1264 1458 1353 exerceri,
1481 1264 1553 1335 nisi
1570 1266 1606 1333 in
1629 1290 1685 1335 res
1699 1266 1795 1361 ipsas

185 1392 344 1485 penitius
361 1390 604 1485 inquisiveris,
619 1389 894 1460 annotationem
915 1386 1181 1458 elaboravimus
1201 1387 1324 1483 paullo
1343 1387 1561 1473 uberiorem,
1575 1412 1656 1484 quae
1668 1403 1704 1457 et
1722 1414 1797 1458 ver-

186 1516 318 1585 borum
340 1514 498 1582 rationes
515 1528 551 1583 et
571 1536 691 1581 rerum
712 1526 897 1582 momenta
915 1513 1094 1607 praecipua
1113 1509 1386 1607 complectatur.
1410 1509 1544 1581 Sedulo
1567 1512 1729 1581 cavimus
1749 1538 1795 1581 ne

187 1638 333 1733 vestigia
346 1637 546 1731 legeremus
566 1659 705 1721 eorum,
722 1636 787 1731 qui
801 1635 945 1705 muneri
961 1658 1028 1708 suo
1042 1634 1126 1704 satis
1146 1634 1270 1704 secisse
1290 1634 1359 1703 sibi
1375 1633 1558 1717 videntur,
1583 1634 1611 1703 si
1631 1635 1795 1731 priorum

189 1767 427 1858 interpretum
445 1760 588 1830 notulas
608 1758 711 1829 nullo
724 1733 935 1829 discrimine
975 1758 1218 1828 coacervarint
1238 1757 1353 1852 iisque
1373 1757 1419 1827 de
1436 1783 1502 1827 suo
1523 1780 1621 1854 penu
1637 1757 1797 1827 subinde

187 1884 324 1980 aliquid
342 1883 596 1980 adsperserint.
611 1886 691 1967 Qua
705 1880 853 1976 quidem
874 1906 912 1950 re
929 1878 1021 1950 nihil
1044 1882 1128 1951 novi
1148 1878 1193 1949 ad
1212 1879 1368 1949 fructum
1385 1879 1513 1949 exilius
1529 1895 1565 1950 et
1584 1880 1628 1951 ad
1645 1879 1794 1951 taedium

189 2007 446 2103 literarumque
476 2020 728 2102 contemptum
754 2003 948 2074 efficacius.
976 2010 1148 2074 Praeterea
1177 2003 1411 2100 temperanda
1430 2018 1505 2073 erat
1525 2005 1712 2075 annotatio
1729 2030 1797 2099 pro

189 2131 413 2226 singulorum
433 2131 649 2226 scriptorum
663 2126 825 2225 pondere
839 2142 873 2196 et
890 2126 1151 2223 interpretandi
1169 2126 1389 2197 difficultate.
1405 2126 1514 2211 Quod
1533 2152 1606 2197 non
1631 2128 1796 2196 monuis-

190 2280 278 2337 sem,
301 2254 369 2322 nisi
389 2277 468 2322 mos
492 2252 695 2322 contrarius
716 2249 909 2319 obtineret.
938 2254 1026 2319 Nam
1049 2250 1215 2344 Dionysii
1234 2250 1456 2345 Periegesin,
1479 2274 1594 2345 quum
1612 2249 1797 2344 juventuti

192 2378 436 2472 potiusquam
453 2375 645 2445 doctorum
662 2374 699 2442 in
721 2396 829 2441 usum
848 2372 979 2467 scripta
996 2371 1053 2458 sit,
1069 2386 1105 2440 et
1121 2386 1283 2441 veterum
1299 2385 1335 2442 et
1348 2374 1591 2443 recentiorum
1607 2398 1797 2444 commen·

192 2501 289 2569 tariis
312 2498 424 2569 babes
442 2511 625 2584 onustam,
643 2494 734 2565 dum
753 2494 972 2589 inelegantes
986 2492 1135 2590 quidem
1152 2494 1213 2564 sed
1232 2496 1488 2566 accuratissimi
1502 2496 1725 2593 geographiae
1741 2524 1797 2568 re-

191 2622 405 2693 conditioris
421 2623 614 2718 scriptores
628 2617 779 2714 neglecti
794 2618 914 2712 jacent
929 2631 965 2687 et
986 2618 1174 2688 contemti.
1193 2618 1364 2688 Similiter
1379 2620 1416 2688 in
1433 2620 1552 2690 latinis
1572 2622 1797 2715 Pomponius

191 2746 301 2834 Mela,
320 2744 506 2839 jucundus
530 2742 590 2813 ille
611 2756 647 2811 et
663 2741 756 2811 lectu
779 2740 906 2828 facilis,
933 2740 1270 2835 interpretationum
1295 2740 1391 2810 mole
1414 2741 1592 2831 obruitur,
1613 2742 1798 2813 Plinianos

192 2895 276 2940 vero
293 2868 406 2939 libros
420 2864 690 2963 geographicos,
711 2863 919 2934 thesaurum
935 2859 1167 2950 ditissimum,
1188 2878 1223 2933 at
1240 2889 1334 2959 opus
1349 2863 1675 2955 intricatissimum,
1694 2864 1797 2963 quasi

192 3005 329 3086 pestem
349 3013 477 3060 omnes
500 2987 700 3082 defugiunt.
719 2990 797 3055 lam
816 3001 857 3055 ut
872 2984 958 3055 illuc
971 2999 1137 3074 revertar,
1151 2987 1188 3055 in
1203 2985 1405 3059 Stadiasmo
1420 2987 1528 3056 maris
1543 2985 1796 3057 mediterranei

191 3126 226 3181 et
252 3110 392 3208 periplo
412 3110 520 3179 maris
544 3106 716 3204 Erythraei
738 3121 774 3177 et
789 3105 971 3176 similibus
991 3129 1119 3201 parum
1137 3105 1349 3203 profeceris,
1365 3107 1436 3176 nisi
1458 3109 1701 3178 recentiorum
1723 3111 1796 3179 via-

192 3251 315 3305 torum
332 3232 445 3303 libros
462 3246 498 3302 et
516 3246 642 3301 cetera'
655 3229 818 3300 subsidia
836 3231 873 3298 in
892 3229 1200 3325 interpretationis
1227 3245 1366 3324 partem
1388 3230 1546 3300 traxeris.
1563 3231 1799 3302 Paucioribns

192 3357 341 3452 defungi
356 3356 438 3426 licet
462 3353 526 3424 ubi
542 3352 589 3424 de
604 3355 740 3424 Graecia
760 3351 912 3448 aliisque
926 3351 1136 3448 regionibus
1154 3352 1352 3422 notissimis
1377 3377 1496 3422 sermo
1517 3369 1582 3440 est,
1605 3353 1798 3450 dequibus

191 3483 318 3551 citasse
336 3479 537 3565 volumina,
552 3501 632 3572 quae
650 3477 816 3548 omnium
831 3500 940 3544 manu
959 3489 1135 3563 teruntur,
1151 3474 1294 3545 sufficit.
1316 3480 1357 3544 ln
1376 3477 1555 3546 Marciano
1571 3503 1646 3548 non
1666 3493 1720 3548 est
1736 3503 1799 3547 cor

192 3601 388 3697 explicetur
409 3598 640 3682 Ptolemaeus,
657 3623 699 3668 ex
719 3622 794 3693 quo
817 3596 879 3667 ille
902 3621 965 3666 sua
983 3611 1124 3666 tantum
1146 3621 1221 3667 non
1243 3597 1368 3667 omnia
1388 3596 1583 3686 desumsit,
1605 3597 1668 3668 sed
1690 3599 1799 3668 cardo

193 3725 243 3793 rei
261 3737 421 3792 versatur
439 3721 475 3790 in
491 3720 697 3815 iudicandis
715 3720 804 3790 locis
815 3718 950 3815 quibus
965 3718 1011 3789 ab
1022 3743 1066 3788 eo
1082 3719 1426 3790 receditMarcianus
1436 3721 1490 3790 vel
1508 3721 1572 3790 ubi
1588 3721 1798 3794 melioribus

86 3927 88 3931 ¹
193 3871 302 3942 quam
322 3846 429 3916 nobis
441 3844 515 3938 jam
533 3860 664 3941 praesto
681 3859 768 3914 sunt
784 3843 965 3913 Ptolemaei
982 3841 1084 3912 libris
1098 3866 1184 3912 usus
1199 3867 1278 3914 esse
1294 3843 1447 3914 videtur.
1464 3844 1580 3940 Major
1598 3847 1706 3916 etiam
1722 3847 1799 3916 bre-

194 3971 283 4039 vitas
297 3968 395 4038 cadit
411 3970 449 4038 in
467 3967 728 4063 descriptiones
741 3966 852 4035 totius
872 3964 973 4035 orbis
989 3979 1175 4052 terrarum,
1193 3963 1256 4035 ubi
1280 3990 1421 4036 summa
1438 3968 1554 4064 posita
1573 3982 1626 4038 est
1653 3969 1690 4037 in
1712 3969 1799 4041 deh-

195 4088 349 4178 niendo,
365 4088 466 4185 quod
484 4089 734 4184 txrrxxsquisque
750 4103 876 4158 auctor
892 4089 1121 4184 expresserit,
1136 4102 1326 4184 systemate
1343 4088 1594 4185 geographico.

241 4213 386 4285 Tabulis
398 4213 459 4282 aeri
478 4213 601 4284 incisis
616 4237 681 4284 cur
693 4212 825 4309 scripta
842 4211 988 4282 destitui
1005 4210 1249 4299 noluerimus,
1263 4210 1382 4282 dicere
1398 4211 1567 4308 putidum
1585 4212 1641 4281 sit.
1658 4214 1798 4298 Quibus

195 4345 231 4409 in
251 4335 479 4408 delineandis
493 4336 646 4406 eandem
670 4360 779 4432 quam
801 4337 839 4405 iu
859 4337 1096 4404 annotatione
1115 4335 1494 4430 normamsequimur.
1522 4334 1698 4406 Videlicet
1714 4336 1797 4407 alias

195 4461 346 4532 babebis
365 4460 505 4532 tabulas
520 4460 691 4546 minores,
710 4483 790 4555 quae
803 4457 859 4527 vel
872 4456 1003 4528 orbem
1022 4472 1196 4527 terrarum
1209 4482 1251 4527 ex
1264 4457 1351 4528 certi
1368 4457 1556 4552 cujusdam
1579 4474 1702 4530 mente
1721 4486 1799 4555 geo·
1862 4485 1863 4490 ¹

194 4583 321 4679 graphi
341 4583 578 4671 adumbrant,
598 4583 652 4652 vel
667 4581 713 4651 ad
729 4605 791 4651 eos
808 4581 1000 4676 scriptores
1020 4581 1219 4676 pertinent,
1243 4582 1279 4648 in
1303 4581 1438 4675 quibus
1462 4605 1535 4650 non
1556 4595 1628 4650 tam
1645 4581 1717 4652 hoc
1733 4583 1798 4676 agi·

194 4723 254 4777 tur
271 4721 311 4775 nt
327 4706 419 4775 situs
430 4706 635 4802 exploretur
647 4705 833 4792 locorum,
850 4729 961 4800 quam
981 4717 1021 4772 ut
1035 4727 1199 4798 quaenam
1214 4719 1250 4773 et
1266 4718 1356 4799 quot
1375 4705 1624 4800 unusquisque
1636 4703 1715 4774 loca
1733 4729 1799 4774 me·

198 5208 343 5264 censent
364 5197 481 5264 vicum
513 5194 563 5263 vel
597 5194 783 5264 lluviolunt
814 5194 867 5264 rel
892 5193 1087 5264 solitariam
1111 5194 1146 5263 iu
1178 5220 1303 5264 saxoso
1332 5195 1434 5264 litore
1462 5195 1581 5264 licum
1601 5200 1737 5264 llornnr
1765 5198 1796 5264 in
1862 5269 1863 5272 y

1862 4641 1863 4684 t

196 4829 344 4900 irrorarit
367 4845 405 4899 et
427 4828 561 4924 quibus
582 4832 746 4924 regiones
771 4827 948 4897 limitibus
975 4826 1312 4922 circumscripserit,
1331 4851 1406 4896 uno
1434 4825 1624 4896 oculorum
1655 4827 1796 4899 obtuitu

195 4955 310 5047 possit
326 4951 599 5049 comprehendi.
618 4957 753 5023 Contra
772 4975 858 5020 vero
878 4950 1015 5045 atriplas
1028 4963 1060 5020 et
1078 4949 1360 5020 accuratissimus
1374 4948 1442 5019 sibi
1461 4949 1600 5019 tabulas
1618 4951 1797 5046 postulant

198 5075 220 5142 ii
235 5071 458 5168 periplorunr
474 5085 636 5142 auctores·
651 5073 714 5166 qui
737 5070 877 5141 nullum
898 5095 973 5140 nou
994 5069 1125 5141 radunt
1153 5071 1258 5140 maris
1275 5095 1472 5158 recessum,
1491 5069 1633 5141 nullum
1654 5097 1728 5142 trun
1749 5097 1796 5142 re·
