3775 5750
601 360 651 420 llll
671 357 844 419 SCYLACE
865 358 1157 421 cantuariense,
1626 384 1688 427 xiv

64 498 114 554 re'e
128 484 281 575 d'lipbore
294 508 324 553 et
341 494 378 552 de
404 494 539 564 Phileas,
555 496 606 571 qui
630 494 745 551 avaient
758 492 858 568 ‹igale-
903 513 969 569 quae
982 494 1165 573 pertinebant
1180 515 1269 571 usque
1284 497 1319 553 ad
1339 510 1459 555 mortem
1480 497 1625 577 Philippi,
1642 502 1684 558 uti

65 605 150 649 ment
161 592 243 650 servi
257 610 294 649 au
305 590 448 668 pretcndu
468 590 632 666 Dicearqnc
646 602 674 647 et
686 593 703 646 h
716 589 858 665 Scymnus
903 588 1007 646 Noster
1020 610 1078 646 non
1100 591 1205 668 potuit,
1220 592 1270 667 qui
1290 610 1341 649 sua
1354 592 1491 651 sumserit
1506 593 1687 651 unde'l'heo·

64 690 102 745 de
117 688 207 745 Chio.
221 714 235 739 ι
261 691 297 746 ht
317 686 427 769 Ephori
442 686 567 743 historia
580 684 744 764 pertinebat
766 704 859 761 usque
905 705 1030 763 pompus
1040 698 1192 757 sumserat,
1201 687 1345 746 ePhilisto
1358 690 1402 745 vel
1416 690 1474 747 alio
1483 689 1582 748 Siculo
1594 692 1685 769 scrip·

64 782 102 837 ad
124 801 235 840 annum
260 782 336 851 340,
357 800 410 838 nec
431 794 577 855 postrema
593 780 658 857 ejus
677 797 745 857 pars
763 781 858 837 statim
904 793 1070 839 torererum
1078 782 1224 858 Dionysii.
1238 782 1374 843 Nostrum
1385 806 1443 843 non
1454 786 1571 845 novisse
1581 799 1687 845 statum

66 890 137 952 post
151 878 355 934 huncannum
369 876 478 952 scripta
499 887 554 946 eat,
572 874 717 952 siquidem
739 893 785 931 au.
799 874 856 931 335
904 894 1002 933 rerum
1018 876 1274 955 Italicarum,quae
1288 882 1460 939 erantcirca
1476 880 1534 938 350
1549 900 1576 939 a.
1591 881 1637 952 (3.,
1651 902 1688 940 eo

67 987 173 1031 auctor
185 973 283 1031 adhuc
292 974 324 1031 in
337 972 417 1030 viris
430 984 506 1043 erat,
516 984 545 1029 et
556 971 632 1029 liber
645 970 766 1029 ultimus
774 968 857 1027 neab
903 972 1048 1050 probatur
1060 974 1138 1050 quod
1159 974 1337 1033 Bruttiorum
1356 991 1469 1053 gentem
1483 996 1529 1037 an.
1548 978 1604 1036 356
1619 998 1688 1037 con·

69 1068 136 1144 ipso
144 1068 279 1146 quidem,
293 1066 372 1124 seda
390 1066 566 1143 Demophilo
587 1066 703 1123 demum
719 1066 778 1121 filio
792 1065 857 1122 ela-
904 1069 1000 1125 ilatum
1022 1088 1081 1127 non
1101 1084 1251 1130 memorat.
1269 1104 1308 1115 -
1329 1072 1371 1130 De
1392 1076 1475 1131 Ponti
1495 1093 1547 1131 ora
1572 1073 1687 1133 boreali

68 1164 192 1223 horatns
205 1178 260 1226 est.
276 1195 319 1209 -
328 1162 364 1221 Et
377 1163 438 1221 hec
449 1162 509 1220 sere
526 1174 594 1221 sunt
607 1162 644 1220 de
656 1174 738 1219 atate
750 1162 858 1239 peripli
904 1165 1178 1223 accuratioralrahet
1189 1166 1346 1241 Herodoto,
1356 1182 1387 1227 ut
1398 1182 1475 1227 recte
1489 1184 1586 1229 monet
1600 1171 1688 1229 Uker·

68 1272 233 1336 sententiat,
249 1278 376 1337 quarum
391 1257 524 1316 facienda
542 1270 604 1315 erat
623 1257 749 1328 menti03
776 1270 858 1313 cete·-
905 1272 961 1318 tus.
976 1259 1010 1317 ln
1025 1260 1210 1320 meridionali
1227 1264 1312 1321 litore
1334 1264 1434 1323 indca
1451 1263 1576 1323 Phaside
1598 1286 1687 1341 quum

70 1374 118 1411 ras
131 1372 226 1431 quum
248 1352 359 1412 dudum
382 1353 443 1411 riri
457 1352 536 1409 docti
556 1352 764 1423 refutaverint,
781 1364 858 1409 rete·
905 1352 943 1413 de
953 1354 1130 1434 populorum
1145 1354 1339 1417 barbarorum
1354 1360 1429 1417 serie
1441 1360 1492 1417 alii
1507 1360 1564 1418 alia
1576 1361 1689 1418 tradere

69 1468 130 1505 rem
145 1448 291 1506 cramben
304 1467 363 1506 non
376 1466 504 1525 recoquo
516 1448 566 1522 Γ).
905 1451 1029 1525 soleant,
1043 1468 1109 1513 cum
1122 1454 1228 1513 Nostro
1241 1456 1272 1513 in
1282 1456 1406 1531 singulis
1422 1455 1480 1513 lere
1493 1456 1608 1531 egregie
1620 1476 1688 1513 con·

108 1546 160 1609 es.
172 1542 243 1601 Jarn
263 1541 369 1619 siquis
387 1542 476 1599 totius
487 1541 577 1602 marla
592 1540 699 1601 interni
714 1538 858 1619 periplum
905 1549 1035 1605 sentiunt
1044 1550 1240 1625 Argonautica
1249 1550 1401 1628 Apollonii
1415 1548 1520 1608 lihodii
1535 1563 1564 1607 et
1576 1551 1688 1627 Diony·

69 1638 252 1717 (οιηροειιὶῐ,
277 1649 557 1697 consentaneunrest
575 1658 634 1695 nott
653 1638 749 1715 ipsum
761 1638 860 1693 ontnia
906 1643 944 1701 sii
963 1642 1136 1718 periegesis.
1155 1644 1211 1702 Sed
1236 1645 1355 1721 quinam
1384 1646 1497 1723 primus
1520 1644 1581 1703 haec
1601 1646 1689 1703 sicin

71 1737 184 1795 vidisse
210 1749 240 1792 et
258 1753 409 1793 emensum
423 1754 498 1805 esse,
524 1734 574 1791 sed
589 1732 718 1811 plurima
734 1752 771 1790 ex
794 1732 860 1791 aliis
905 1739 1017 1815 scripto
1039 1741 1138 1816 aliquo
1155 1740 1350 1818 geographico
1369 1741 1536 1815 tradiderit,
1555 1758 1609 1818 ego
1623 1743 1688 1819 qui·

71 1828 265 1904 assumsisse,
300 1828 433 1905 adeoque
473 1840 578 1887 statum
617 1827 860 1905 geographicunr,
905 1831 971 1889 dem
982 1832 1079 1891 dicere
1093 1854 1152 1893 110„
1161 1834 1254 1892 habeo
1269 1834 1326 1913 Γ),

71 1924 169 2001 qualis
178 1936 268 1981 atate
280 1923 436 2002 scriptoris
454 1936 527 1994 erat,
539 1924 570 1979 in
584 1922 622 1979 iis
642 1934 752 1979 tantum
763 1921 860 1995 regio·
947 1928 995 1985 65.
1007 1936 1086 1986 Asioe
1095 1939 1208 1988 urinaria
1220 1950 1300 1989 oram
1311 1932 1462 1991 occiduam
1475 1946 1503 1991 et
1511 1934 1690 1993 meridiona-

71 2018 324 2093 nihusexhiberi‚
341 2038 407 2095 quae
429 2038 491 2096 prae
504 2018 609 2075 ceteris
623 2018 651 2075 ei
674 2030 750 2073 notae
764 2028 858 2075 erant.
906 2022 963 2081 lem
987 2023 1091 2083 Noster
1112 2044 1149 2083 ex
1167 2040 1286 2085 auctore
1308 2027 1422 2105 petivit,
1436 2028 1488 2104 qui
1505 2028 1573 2085 item
1584 2028 1689 2104 junior

71 2113 175 2190 ltaque
189 2133 282 2188 quum
297 2112 332 2170 ad
349 2125 516 2191 postremos
529 2130 622 2169 annos
637 2110 769 2188 Philippi
786 2130 860 2168 uon·
904 2130 967 2173 erat
978 2118 1124 2177 Herodoto
1139 2139 1191 2177 nec
1203 2120 1245 2177 ita
1259 2120 1381 2178 multum
1396 2132 1463 2177 ante
1478 2120 1607 2198 Philippi
1622 2135 1689 2179 tem-

72 2210 129 2267 uisi
143 2209 176 2267 in
183 2207 321 2285 Graecias,
330 2206 506 2265 Macedoniae
517 2205 862 2281 et'l'hraciaedescriptio·
905 2230 981 2289 pora
991 2212 1119 2289 scripsit,
1132 2212 1201 2271 ilem
1210 2226 1351 2272 testantur
1363 2214 1465 2272 [auca.
1474 2213 1564 2273 ioniae
1576 2216 1615 2293 (p,
1626 2218 1687 2292 7¹),

72 2323 107 2361 ne
128 2302 309 2361 descendere
330 2302 427 2373 liceat,
453 2302 486 2359 in
510 2302 557 2359 ltls
582 2302 692 2359 vixisse
714 2313 860 2357 auctorem
907 2324 994 2383 quam
1016 2306 1118 2365 urbem
1143 2326 1189 2367 an,
1211 2310 1266 2367 383
1286 2309 1430 2367 conditam
1449 2328 1540 2367 essee
1558 2310 1689 2367 Diodoro
1776 2316 1780 2328 ⁴

72 2402 257 2475 conjicimus.
279 2397 359 2457 ldem
376 2398 618 2474 colligasesto,
637 2397 688 2455 ubi
708 2410 860 2475 postquam
906 2414 1029 2461 constat.
1052 2403 1163 2474 Quodsi
1188 2402 1363 2465 Letronnius
1390 2405 1550 2465 leucarum
1572 2408 1691 2466 nomine

72 2499 171 2555 sinum
186 2496 373 2555 Corinthium
389 2509 491 2555 auctor
501 2496 611 2571 legerat
627 2514 720 2571 usque
737 2493 773 2552 ad
794 2494 861 2552 inti·
907 2515 968 2553 non
982 2494 1085 2555 urbem
1101 2497 1150 2554 sed
1166 2499 1400 2575 promontorium
1412 2511 1513 2557 nostro
1525 2499 1591 2558 loco
1601 2502 1690 2574 signi·

72 2613 154 2650 mum
169 2611 328 2663 recessum,
344 2591 415 2649 hinc
428 2591 500 2649 dicit
514 2610 567 2669 per
587 2589 724 2649 isthmum
739 2587 864 2665 quadra·
907 2590 991 2647 ficari
1007 2590 1144 2668 opinatus
1162 2604 1221 2664 est,
1242 2611 1329 2651 causa
1343 2592 1491 2651 sententias
1501 2594 1531 2649 in
1546 2610 1581 2649 eo
1595 2594 1691 2671 posita

71 2691 157 2763 ginta
178 2687 340 2747 stadiorum
359 2688 438 2745 riam
462 2706 527 2745 csse
551 2685 615 2765 πρὸς
634 2684 749 2755 eistat
769 2688 862 2758 ἡμῶν
906 2698 962 2755 est,
978 2684 1058 2762 quod
1072 2686 1224 2764 complura
1235 2686 1329 2745 inesse
1343 2684 1431 2762 hujus
1444 2704 1504 2743 orae
1517 2685 1691 2764 descriptio·

73 2786 225 2843 inhaesus.
241 2784 368 2862 Scripsit
379 2784 470 2859 igitur
479 2781 517 2840 ah
528 2784 642 2841 oriente
654 2780 742 2859 hujus
750 2781 861 2854 isthmi,
907 2780 1198 2859 niridercntur,quae
1206 2780 1399 2859 antiquiorem
1406 2793 1515 2839 aetatem
1525 2796 1688 2857 arguerent.

73 2881 200 2938 Athenis
224 2879 335 2955 forsan,
368 2892 401 2937 ut
437 2877 513 2936 hene
546 2880 659 2936 monuit
687 2876 863 2948 Letronnius
907 2873 1690 2956 Primumeniminlthodoinsula(p.73]nonllhodum

73 2997 102 3053 p.
129 2978 201 3042 243.
221 2976 266 3033 De
285 2973 544 3051 longinquioribus
557 2973 729 3048 regionibus
753 2974 863 3051 scripta
908 2969 1024 3044 urbem,
1038 2971 1088 3030 sed
1103 2974 1221 3032 nonnisi
1236 2975 1367 3052 tripolim
1383 2975 1537 3032 memorari
1550 2974 1631 3034 dicit.
1646 2973 1690 3032 td

74 3069 273 3148 geographica
285 3068 466 3132 adhibuerit.
483 3087 550 3145 quae
563 3081 632 3126 tunc
645 3069 862 3146 nanciscipote·
907 3065 1028 3126 eandem
1052 3087 1113 3127 rem
1131 3067 1300 3127 llannertus
1318 3067 1482 3144 attendens,
1498 3087 1534 3126 ex
1558 3067 1613 3126 hoc
1632 3089 1691 3126 uno

74 3179 118 3222 rat
130 3164 344 3222 recentissima.
360 3163 403 3221 De
416 3167 506 3220 Italia
518 3177 547 3220 et
566 3167 673 3236 Illyria
691 3162 764 3222 nihil
780 3164 863 3220 novit
907 3159 974 3220 loco
985 3163 1045 3239 peri
1050 3163 1129 3240 plum
1139 3175 1203 3220 ante
1212 3181 1256 3220 an.
1272 3165 1329 3230 408
1341 3164 1481 3240 scripturn
1491 3181 1553 3221 esse
1564 3164 1691 3240 collegit.

75 3259 155 3336 quod
169 3261 210 3318 sit
224 3259 374 3336 posterius
385 3271 467 3316 aetate
476 3258 613 3334 Dionysii
625 3257 756 3334 tyranni,
764 3258 816 3336 qui
826 3257 863 3316 ad
908 3258 1018 3316 Contra
1031 3256 1209 3318 Niebuhrius
1231 3257 1321 3318 verba
1344 3260 1451 3338 peripli
1468 3258 1617 3331 laborare,
1638 3279 1692 3318 nec

78 3357 228 3413 Anconam
250 3372 344 3429 usque
367 3372 448 3410 mare
467 3352 647 3411 Adriaticum
661 3351 883 3431 Graeeispam·
907 3373 993 3431 posse
1001 3367 1200 3428 argumentum
1210 3354 1364 3431 petieloco
1372 3366 1522 3431 corrupto,
1531 3355 1692 3412 rectissime

76 3454 190 3511 iecerat.
203 3447 302 3519 Quare
313 3445 417 3507 Noster
427 3447 465 3507 de
479 3447 586 3506 intimo
599 3447 666 3525 ejus
678 3449 747 3506 sinu
757 3466 862 3525 parum
909 3449 1035 3508 monuit.
1052 3447 1114 3506 lluc
1136 3447 1245 3505 accedit
1258 3447 1337 3524 quod
1365 3447 1459 3504 Rhodi
1481 3447 1602 3506 omissio
1616 3448 1690 3506 nihil

78 3544 457 3616 adhucaccuratahabet,in
468 3557 563 3602 cetera
572 3555 653 3622 parte
663 3541 862 3601 benedoctum
908 3546 1001 3620 magis
1017 3565 1103 3622 quam
1123 3544 1254 3622 Byzantii
1278 3544 1459 3620 aliarumque
1484 3541 1602 3602 urbium
1622 3563 1692 3621 pro-

79 3659 108 3696 se
120 3640 245 3718 praebet.
262 3639 399 3716 Dionysii
411 3657 458 3697 res
469 3639 501 3696 in
518 3639 591 3696 mari
603 3638 754 3696 Adriatico
770 3650 864 3712 gestas
907 3639 1002 3712 haret,
1025 3641 1134 3718 quippe
1148 3659 1235 3716 quam
1247 3638 1377 3698 librariis
1394 3638 1545 3696 vindicare
1560 3639 1643 3710 licet3
1657 3660 1691 3698 ac

80 3735 137 3791 tuse
144 3745 322 3813 exposuerat
331 3752 426 3810 neque
435 3733 629 3811 geographica
638 3733 724 3791 inhia
733 3733 865 3807 neglexe·
909 3754 1011 3812 reapse
1021 3736 1067 3793 vel
1086 3734 1191 3793 horum
1203 3733 1289 3812 culpa
1303 3731 1398 3791 Rhodi
1411 3732 1497 3791 urbis
1516 3733 1692 3792 mentionem

80 3845 122 3886 rat
131 3831 353 3908 Theopompus,
362 3830 414 3907 qui
424 3831 456 3888 in
467 3829 539 3888 llist.
550 3829 631 3887 libro
639 3827 863 3899 XXXlX,rebus
908 3830 1048 3888 excidisse
1059 3830 1105 3888 vel
1123 3849 1177 3907 pro
1189 3829 1336 3906 corruptis
1349 3825 1472 3894 Ῥόδος...
1489 3830 1566 3898 νῆσος
1576 3826 1693 3906 spinelli<

80 3925 274 3984 llacedonicis
292 3927 362 3984 anni
383 3925 441 3993 348
460 3926 610 4004 prolixum
639 3924 676 3982 de
695 3924 794 3982 Siculo
817 3937 861 4000 ty·
908 3923 1008 4004 ἀρχαία
1023 3924 1097 3990 πόλις
1113 3925 1171 3999 leg.
1187 3943 1250 3982 esse
1264 3922 1396 3994 νῆσοςκαὶ
1409 3920 1625 4002 noire-splenis<
1640 3924 1693 4002 rip-

81 4043 330 4082 raunoexcursum
339 4023 476 4083 intexuit.
484 4021 709 4100 htTheopompi
717 4021 862 4098 historiis,
908 4020 987 4100 yolo,
1001 4021 1073 4092 κτλ.,
1086 4039 1123 4078 ex
1136 4039 1172 4078 eo
1197 4019 1355 4098 suspiceris
1372 4019 1451 4096 quod
1465 4037 1555 4097 quum
1577 4019 1693 4098 tripolis

107 4194 433 4260 incantationis
447 4217 454 4248 :
470 4217 482 4240 ι
494 4197 602 4259 Periplru
615 4196 730 4246 tribuitur
741 4194 832 4258 Scylaci
847 4195 1013 4258 antiquissimo
1026 4197 1103 4246 utatis
1117 4196 1181 4246 Darii
1201 4196 1325 4258 Hystaspis
1336 4207 1350 4244 a
1364 4197 1428 4245 Luca
1438 4194 1562 4244 Holstenio
1578 4194 1587 4252 i
1594 4193 1693 4242 Dredow

81 4271 149 4330 aaut
162 4274 219 4320 Par.
233 4282 258 4331 p.
277 4275 304 4319 tt
314 4267 333 4329 l.
344 4268 455 4318 Fabricio
476 4269 553 4330 (itihi.
569 4283 605 4330 gr.
618 4269 662 4327 lv,
678 4273 699 4324 t.
715 4272 758 4316 too
771 4270 788 4326 ),
800 4269 893 4327 iiagero
906 4267 915 4325 (
928 4269 1017 4328 Gener.
1034 4265 1205 4324 Decimum,
1220 4270 1239 4327 t,
1254 4279 1277 4328 p.
1295 4271 1339 4316 atu
1348 4267 1367 4327 ),
1380 4263 1548 4315 Salute-crota
1558 4263 1567 4324 (
1576 4265 1650 4312 item.
1662 4263 1694 4312 de

82 4339 172 4390 toend.
182 4339 211 4390 rt.
221 4343 301 4389 iaso.
314 4340 389 4397 xliii,
403 4352 428 4401 p.
439 4343 499 4399 ³5⁰3
510 4342 605 4390 Ecum.
617 4339 678 4388 erit.
692 4335 736 4386 dea
748 4335 841 4387 lutor.
855 4335 955 4386 catu.
967 4336 1004 4386 ed.
1021 4340 1052 4396 ΙΙ,
1069 4351 1092 4398 p.
1106 4344 1152 4390 7³0
1162 4338 1181 4398 ),
1193 4338 1283 4399 ttayero
1294 4338 1303 4396 (
1316 4340 1351 4386 De
1366 4337 1414 4384 situ
1436 4333 1540 4396 scyttrie
1550 4346 1637 4382 comm.
1650 4337 1694 4382 ite·

84 4414 138 4470 trop.
156 4412 201 4470 ur,
217 4422 244 4471 p.
260 4415 290 4457 st
306 4407 325 4467 l.
340 4408 436 4466 Quibus
454 4409 582 4457 assentitur
599 4406 700 4456 Gallius.
717 4435 748 4449 -
769 4407 893 4470 Scylacem
904 4407 986 4469 paullo
1000 4411 1052 4470 post
1066 4408 1213 4458 Herodotum
1237 4407 1356 4468 scripsisse
1376 4404 1469 4454 censuit
1482 4402 1603 4452 Mazocciri
1617 4403 1693 4456 Tahb.

83 4481 169 4528 iterati
183 4493 209 4542 p.
221 4485 284 4538 ¹⁰¹3
299 4479 398 4529 meante
408 4479 472 4528 bello
493 4479 695 4540 Peloponnesiaco
710 4481 850 4529 Mannertus
866 4479 963 4539 (Geogr.
975 4479 994 4538 i,
1010 4491 1034 4541 p.
1050 4479 1106 4541 70),
1125 4483 1178 4541 post
1189 4478 1307 4527 Timarum
1320 4475 1446 4526 cluverius
1457 4473 1466 4534 (
1477 4471 1531 4522 ital.
1548 4475 1604 4523 ant.
1616 4475 1657 4533 iv,
1671 4477 1695 4532 i,

83 4565 104 4612 p.
121 4552 204 4612 rtet);
215 4550 342 4612 scylaceo
356 4551 446 4600 maine
456 4552 528 4600 astate
539 4550 632 4611 Polybii
643 4561 709 4599 cens.
724 4549 863 4598 Dodueilus
874 4548 989 4610 (Dissart
1000 4548 1029 4598 de
1041 4550 1105 4612 Scyl.
1117 4550 1137 4611 ),
1149 4549 1259 4599 Wassiua
1271 4547 1311 4608 (ad
1323 4546 1402 4595 Tlruc.
1416 4545 1447 4602 ii,
1456 4545 1508 4606 ot).
1519 4563 1532 4587 a

109 4622 152 4682 (Ἴ
171 4621 262 4670 Virian
274 4619 306 4669 de
321 4619 489 4671 siut-uinta
500 4620 657 4670 ttecherciea
668 4632 716 4670 aar
729 4621 765 4669 tar
780 4619 948 4682 populations
967 4622 1110 4681 punitiva
1125 4619 1161 4669 du
1176 4623 1289 4670 caucaso
1308 4617 1405 4676 (Paria
1423 4613 1500 4676 1847)
1515 4627 1538 4676 p.
1550 4617 1579 4664 57
1595 4627 1602 4661 :
1621 4631 1633 4658 ι
1647 4614 1695 4662 sur

83 4689 188 4752 lepraque
196 4690 227 4740 de
239 4692 263 4740 la
274 4691 369 4753 portion
380 4690 413 4740 du
424 4691 516 4754 Periplo
528 4690 559 4740 de
570 4691 658 4753 smlax
667 4691 709 4753 qui
718 4704 745 4740 se
756 4692 867 4752 rapporte
878 4703 925 4738 aur
937 4689 1042 4739 cotedu
1058 4691 1133 4750 Pont,
1145 4693 1170 4739 et
1183 4701 1225 4737 sur
1234 4688 1268 4737 les
1278 4697 1375 4734 sources
1383 4682 1440 4732 d'oh
1452 4685 1498 4733 cite
1510 4683 1546 4732 tut
1558 4683 1626 4743 tirde,
1639 4696 1693 4744 roy,

82 4766 145 4810 notre
154 4762 274 4810 ittamire
284 4759 475 4824 qaopropttique
490 4760 522 4811 de
537 4760 614 4812 l'asie
625 4763 752 4817 intueare,
767 4763 859 4823 tomi,
872 4773 896 4822 p.
910 4765 964 4811 278.
977 4777 989 4802 υ
1001 4763 1037 4810 iio
1048 4761 1109 4810 libro
1119 4760 1154 4809 uti
1169 4757 1227 4807 mitri
1239 4770 1287 4806 non
1297 4755 1391 4805 licebat.
1403 4755 1516 4805 ceterum
1529 4755 1612 4817 peripli
1620 4750 1694 4802 nostrl

82 4835 160 4880 uctor
173 4831 280 4897 iiartino
290 4834 327 4880 est
345 4832 442 4895 scylax,
451 4833 494 4894 qui
503 4833 667 4894 secutoaexto
678 4845 702 4882 a.
714 4833 762 4882 cii.
774 4832 878 4894 scripsit,
891 4831 993 4894 ideoque
1007 4830 1132 4880 eunucus
1145 4827 1249 4890 seyiacis
1261 4825 1378 4888 periplum
1393 4825 1452 4875 dicit
1470 4826 1486 4875 i.
1505 4825 1521 4874 Ι.
1536 4843 1547 4867 ι
1563 4824 1642 4885 redige
1655 4837 1696 4872 sur

83 4899 121 4948 des
134 4901 271 4951 materiam
287 4902 408 4952 milesius
420 4922 433 4945 ν
448 4903 485 4954 ci.
506 4903 583 4954 idem.
598 4904 624 4952 in
639 4901 762 4954 ittruoire
775 4903 920 4966 lictorique
932 4914 980 4952 aur
1000 4901 1027 4951 lo
1038 4903 1122 4964 geogr.
1142 4911 1200 4949 auc.
1220 4897 1257 4948 du
1276 4899 1390 4948 Caucaso
1401 4897 1496 4958 (Poris
1510 4897 1568 4946 tait
1580 4895 1589 4954 )
1603 4907 1624 4955 p.
1645 4899 1693 4942 tat

84 4989 95 5010 ·
104 4973 146 5021 cas
156 4973 254 5022 notions
265 4972 338 5034 (quae
349 4973 381 5024 de
395 4973 500 5024 Ponticis
514 4975 649 5037 regionibus
663 4987 705 5037 per
716 4973 820 5025 Milesios
835 4973 984 5022 innotuerint
997 4976 1022 5021 et
1035 4972 1066 5020 ab
1077 4969 1232 5020 onomacrito
1244 4968 1269 5017 in
1283 4969 1389 5030 orphica
1401 4968 1464 5017 iliata
1479 4965 1545 5025 sint)
1558 4966 1612 5012 sont
1624 4963 1693 5013 d’ail·

84 5039 142 5091 leurs
153 5043 260 5093 urirees
270 5041 367 5105 iraqu’i
382 5057 454 5106 noos,
468 5058 500 5093 au
511 5046 590 5095 moins
603 5057 634 5094 en
648 5046 733 5107 partie,
745 5043 806 5094 dans
820 5044 874 5093 leur
884 5043 961 5092 torma
975 5040 1157 5105 prohahlement
1167 5039 1296 5102 originale,
1306 5038 1366 5089 c'est
1383 5040 1406 5088 le
1419 5038 1509 5101 periplo
1520 5037 1550 5086 de
1561 5037 1646 5098 scylax
1665 5035 1696 5084 de

87 5114 213 5176 Kauana,
227 5115 362 5166 documm
374 5117 488 5179 praeiens
508 5117 540 5167 de
553 5117 576 5166 la
590 5117 624 5165 fin
634 5116 668 5166 du
681 5117 781 5167 sisterne
802 5115 874 5166 siecle
887 5117 960 5164 arant
973 5113 1050 5172 te..
1067 5110 1109 5172 qui
1130 5123 1191 5160 noua
1210 5111 1244 5160 tes
1259 5123 1273 5158 a
1291 5108 1462 5160 consentes...
1476 5109 1509 5158 La
1522 5106 1596 5170 partie
1610 5106 1652 5166 qui
1670 5119 1695 5154 sa

86 5188 187 5261 rapport·
201 5198 254 5235 aux
266 5186 335 5236 utu
345 5187 543 5250 septentrionales
553 5189 579 5238 et
586 5187 712 5238 uimine
720 5185 752 5238 de
764 5197 858 5250 ιἘηςῑῃ
871 5211 902 5248 „0
914 5198 983 5261 porte
990 5205 1084 5242 aucune
1095 5183 1162 5232 traca
1179 5181 1324 5232 d'adrtitious
1342 5180 1499 5244 posttrieures
1511 5179 1524 5228 i
1539 5179 1561 5228 la
1574 5176 1695 5228 redaction

87 5255 202 5311 mliii&
213 5275 226 5298 a
