3775 5750
347 386 396 443 DE
417 386 607 445 anout'tto
628 386 808 446 AUCTORE
834 388 983 445 reniret
1009 390 1130 447 struis
1154 390 1377 449 EllYTllllAEl.
1638 415 1668 455 ct

55 546 223 607 ruur,qrrcnr
244 534 351 587 Arabes
374 532 553 607 frequentare
567 532 690 610 indeque
706 534 836 591 terrestri
885 552 965 604 urus,
988 532 1019 589 in
1053 534 1174 609 reliquae
1197 547 1291 591 autem
1311 534 1428 593 Arabiae
1447 548 1475 592 et
1502 536 1630 596 Persidis
1642 554 1671 596 et

54 628 153 683 itinere
165 626 197 682 in
210 624 326 682 l'etrsur
337 626 468 683 illalielrae
478 628 585 701 regiam
595 641 838 706 oneretranspor·
885 626 1046 683 (Jarurraniae
1066 640 1169 703 portus
1190 631 1309 687 nonnisi
1330 650 1346 687 e
1366 630 1444 687 (lane
1466 629 1598 689 Arabicae
1614 647 1670 691 ete

55 736 109 776 tare
133 720 221 790 dicit,
245 720 318 777 adeo
341 733 374 777 ut
397 721 445 777 hic
460 734 560 797 portus
579 720 615 777 ah
638 722 839 799 AEgyptiorum
887 720 1082 797 Barygaaiset
1096 722 1360 799 Limyricalndicae
1373 744 1461 781 nares
1474 725 1607 803 expediri
1617 747 1671 785 su-

54 816 227 872 rummerciu
238 816 388 872 rrraritimu
400 829 468 872 tunc
483 816 595 873 alienus
609 815 706 886 luisse,
721 834 838 873 acmer·
884 817 942 873 lent
959 839 965 873 :
983 817 1050 875 hinc
1065 818 1155 893 igitur
1164 820 1330 893 colligimus
1341 820 1477 879 Nostrum
1492 840 1552 879 non
1564 822 1671 883 adiisse

56 933 96 969 res
110 912 230 989 ,Egypti
243 910 383 969 breviore
399 913 446 969 ria
461 912 590 969 terrestri
614 910 729 969 Petram
745 924 838 969 trans·
883 911 961 969 bunc
975 924 1112 981 tractum,
1133 913 1182 970 sed
1202 934 1257 990 pro
1279 916 1464 973 moreaetatis
1486 936 1546 974 suae
1558 938 1612 995 per
1631 920 1671 977 al·

57 1006 416 1085 portataeesscvideantur.
430 1006 630 1063 Nabataeorum
643 1007 839 1064 ditionemes-
885 1018 943 1063 turn
964 1007 1089 1085 llippalo
1118 1020 1205 1064 ventu
1229 1009 1367 1067 stationes
1399 1009 1515 1068 ludicas
1539 1013 1668 1088 petiisse.

56 1104 143 1179 cipiti,
156 1102 287 1181 Ἀραδικὴ
298 1102 373 1179 χώρα
382 1102 479 1175 (modo
490 1103 602 1160 recteid
614 1122 717 1160 nomen
727 1102 838 1170 habeat,
885 1101 917 1159 ln
933 1122 966 1159 ea
985 1116 1079 1161 autem
1094 1105 1292 1179 navigatione,
1305 1107 1363 1164 nisi
1373 1104 1410 1163 ab
1422 1114 1592 1166 stromatum
1604 1130 1669 1187 pro·

57 1216 142 1273 nepae
161 1197 318 1271 legendum
339 1198 377 1255 sit
396 1200 413 1266 ἡ
434 1196 584 1272 'ipsissimi
598 1202 616 1265 ),
632 1216 716 1271 quem
735 1210 839 1273 praeter
884 1202 1030 1258 montorio
1045 1201 1314 1279 proficiscebantur,
1329 1222 1346 1260 a
1360 1202 1438 1261 Cane
1450 1204 1565 1262 hrabiae
1574 1205 1669 1264 solse-

57 1292 285 1370 irhthyopbagos
303 1305 401 1350 tenent
419 1304 517 1366 gentes
536 1293 698 1350 latrociniis
718 1291 837 1363 dedirae,
885 1293 970 1364 bant,
987 1294 1055 1353 inde
1072 1316 1143 1353 reru
1159 1316 1252 1373 usque
1273 1298 1309 1354 ad
1324 1296 1464 1373 Syagrum
1478 1318 1571 1375 pronr.
1584 1300 1669 1377 justu

57 1388 246 1465 despeirolii>
265 1388 336 1445 dicti
359 1385 535 1465 (Ἀρροθῑται
556 1400 583 1444 et
607 1387 839 1445 Κιναιδοκολπῖται
885 1411 966 1447 uram
982 1392 1171 1466 navigabant,
1183 1407 1211 1450 et
1227 1393 1295 1450 hinc
1315 1392 1430 1451 denrurrr
1448 1395 1601 1455 tendebant
1615 1418 1669 1473 per

58 1484 81 1537 in
105 1502 183 1541 mon.
207 1482 351 1557 Adulitl.
373 1480 469 1549 Quare
492 1480 619 1559 AEgyptii
641 1498 722 1537 oram
755 1480 837 1537 istam
885 1486 996 1543 altum:
1019 1486 1117 1561 itaque
1132 1486 1168 1543 ad
1189 1484 1331 1563 Syagrum
1349 1508 1441 1565 usque
1463 1490 1531 1548 litus
1553 1492 1669 1549 nrabiae

56 1578 175 1634 citantes
186 1577 351 1633 allerenice
370 1576 400 1632 in
413 1574 509 1633 medio
524 1577 591 1633 sinu
607 1574 733 1633 Arabico
747 1592 839 1650 usque
885 1580 960 1638 bene
982 1584 1065 1640 novit
1087 1596 1199 1654 auctor,
1215 1582 1321 1642 deinde
1348 1605 1418 1642 vcro
1434 1586 1528 1643 aliena
1552 1606 1589 1644 ex
1613 1590 1669 1647 sule

56 1660 88 1727 ud
98 1672 290 1730 Cornbustam
307 1672 431 1730 insulam
454 1672 592 1746 navigant
611 1672 646 1735 εἷς
667 1670 714 1739 nir
731 1669 837 1747 ’θραὸι-
885 1676 1014 1753 pendens
1032 1696 1135 1754 parum
1159 1692 1291 1735 accurata
1311 1680 1406 1737 tradit.
1432 1681 1547 1750 Quibus
1573 1701 1669 1741 accen·

54 1768 97 1824 κίν
117 1766 210 1844 χώραν
220 1766 267 1845 (¹),
290 1766 341 1824 uhi
367 1766 398 1824 in
417 1763 599 1823 Charibaelis
618 1765 784 1822 Sabaeorttm
811 1779 839 1821 tt
885 1770 1006 1829 sendum
1029 1772 1145 1830 videtur
1172 1775 1252 1849 quud
1274 1787 1342 1853 post
1368 1775 1510 1849 Syagrum
1539 1776 1570 1832 in
1599 1775 1666 1834 hod.

56 1863 269 1919 llumeritarum
285 1861 364 1935 regis
378 1860 491 1918 ditione
506 1860 634 1918 occurrit
645 1859 727 1916 hluza
738 1878 836 1935 empo·
884 1866 993 1939 Dsosar
1013 1866 1159 1924 lllosclraru
1174 1881 1290 1944 portum
1310 1880 1340 1925 et
1363 1870 1502 1925 Omanam
1521 1873 1668 1945 regionem

56 1960 143 2029 rium,
160 1958 270 2015 deinde
283 1956 510 2017 Ocelisstatioet
521 1956 645 2013 Diodori
660 1954 793 2013 insulaet
808 1956 837 2011 in
884 1961 1007 2019 cullocat
1024 1964 1056 2036 (S
1069 1964 1105 2019 32
1122 1982 1152 2039 p.
1171 1962 1256 2039 aba),
1274 1962 1446 2020 hodiernam
1461 1968 1623 2021 mascarum
1637 1967 1669 2023 in

55 2053 236 2110 meridionali
259 2052 347 2110 litore
372 2050 529 2109 Eudaemon
557 2048 676 2109 Arabia.
702 2050 839 2126 Sequitur
885 2062 979 2113 Oman
1003 2070 1079 2115 terra
1111 2058 1168 2116 sita
1201 2053 1267 2115 curis
1292 2058 1351 2115 alio
1371 2060 1501 2133 regionis
1521 2060 1669 2119 tlrurilerae

55 2152 79 2207 in
91 2151 214 2224 regione
225 2147 368 2205 thurifera
381 2147 436 2205 sub
454 2146 555 2205 Eleaae
569 2165 637 2221 rege
649 2146 726 2203 Cane
735 2165 836 2222 empo·
884 2166 973 2231 portu
986 2155 995 2228 (
1007 2152 1128 2223 θερίαν,
1146 2152 1257 2228 Zasurl
1275 2152 1465 2213 confundens.
1482 2154 1662 2221 Ptolemaeus.

54 2248 141 2319 riuru,
161 2244 272 2301 Arium
289 2242 431 2299 et'lrulla
445 2242 565 2311 insulae,
581 2242 661 2299 sinus
680 2240 838 2299 Sachalites
884 2250 935 2325 qui
961 2268 1026 2306 cum
1051 2248 1154 2306 Nostro
1175 2248 1229 2305 hac
1254 2248 1344 2307 dere
1364 2249 1423 2307 lere
1447 2253 1606 2322 consentit,
1631 2272 1668 2311 ex

56 2342 80 2394 m
105 2358 201 2414 euque
223 2338 352 2414 Syagros
376 2338 577 2414 promuntium
594 2338 603 2411 (
618 2340 681 2410 Cap
696 2338 834 2411 Fami),
883 2345 985 2402 eudem
1004 2345 1050 2401 rel
1065 2344 1156 2403 simili
1172 2346 1250 2403 tonte
1270 2346 1402 2405 hausisse
1422 2346 1551 2418 ridetur,
1569 2368 1669 2425 ‹priam-

54 2434 131 2509 rujus
144 2436 236 2491 situm
244 2432 349 2489 Noster
360 2434 561 2509 rectiusquam
573 2431 747 2490 Ptolemaeus
761 2432 837 2489 indi·
883 2460 971 2517 quam
979 2440 1100 2498 issimul
1107 2441 1193 2497 etiam
1201 2439 1348 2498 hodierna
1355 2444 1483 2499 Mascate
1489 2441 1576 2500 situm
1593 2444 1668 2501 indi·

53 2542 100 2585 cat.
114 2528 344 2604 Subjunguntur
355 2527 484 2602 quaedam
495 2526 531 2583 de
539 2525 721 2583 llioscoridis
730 2526 834 2583 insula.
884 2536 1668 2615 “semromquoponjtxpm‘offlpimpronomine

52 2624 109 2681 lam
124 2626 161 2681 ad
177 2624 278 2681 Canen
293 2636 321 2681 et
334 2622 476 2699 Syagrum
497 2641 589 2699 usque
607 2640 665 2679 orae
679 2620 837 2697 descriptio
883 2636 1006 2713 proprio
1023 2653 1168 2711 usurpans
1190 2635 1413 2712 appellativum,
1438 2636 1518 2712 quod
1542 2637 1573 2694 jn
1604 2641 1668 2694 Ma.

54 2732 184 2776 accurata
205 2732 250 2777 est
274 2731 302 2775 et
319 2717 466 2795 locuples3
492 2736 559 2792 quae
583 2735 652 2775 vero
676 2729 837 2792 sequuntur
883 2746 961 2787 ,case
982 2744 1098 2807 portum
1120 2730 1243 2808 quadrat
1256 2732 1375 2808 optime.
1391 2764 1432 2775 -
1449 2732 1617 2809 Sequuntur
1636 2734 1667 2791 in

53 2814 186 2892 usquead
198 2811 415 2890 lnduscythiam
429 2811 618 2889 paucioribus
631 2810 835 2884 absolvuntur,
883 2827 1000 2906 wippo
1016 2827 1103 2886 ,isich
1115 2846 1214 2898 mons,
1226 2827 1348 2886 zenobii
1366 2828 1486 2900 insurge,
1502 2831 1583 2906 κερ,
1597 2830 1667 2888 gap,

53 2915 78 2968 in
94 2913 191 2987 iisque
212 2909 285 2967 tarsa
304 2910 455 2986 complura
469 2908 730 2986 deprehendimus3
746 2925 836 2984 porro
885 2923 957 2982 hm
970 2924 1066 2983 persis
1078 2923 1218 3002 subjecta,
1230 2924 1379 3004 &sappus
1390 2926 1486 2986 imp,
1497 2925 1558 3004 ρο),
1573 2927 1669 2986 (lega,

54 3011 84 3066 sd
94 3007 193 3067 Canen
205 3025 301 3084 usquc
312 3024 422 3064 merces
430 3004 577 3084 AEgyptias
590 3005 745 3084 importari
756 3005 835 3063 ride-

81 3255 110 3312 (·)
125 3253 197 3308 Quod
215 3253 236 3300 si
255 3253 280 3300 ln
300 3253 392 3300 anteco
416 3249 487 3298 rerba
501 3253 516 3308 tl
532 3251 641 3313 'Apctrml
661 3251 727 3312 χώρα
752 3253 814 3298 νοτία
837 3249 938 3306 babent,
960 3248 1005 3295 troc
1023 3248 1076 3296 luuu
1093 3248 1191 3295 tortasse
1211 3245 1338 3306 legendum
1359 3252 1394 3295 cst
1409 3245 1440 3301 εἰς
1458 3249 1500 3304 τὴν
1512 3247 1628 3306 Σαδαίτην
1641 3263 1667 3311 χ.

51 3323 84 3370 cl.
97 3325 147 3370 not„
164 3323 195 3370 sd
211 3323 236 3370 lr.
252 3321 268 3370 l.
286 3333 309 3382 p.
327 3325 381 3370 27³.
1703 3327 1708 3335 ·

80 3394 109 3452 ι’)
121 3391 246 3454 serapidis
259 3389 360 3438 imolam
374 3391 382 3451 (
394 3389 450 3438 trud.
462 3392 579 3444 Μασίστα
588 3403 630 3439 seu
648 3389 796 3451 ltusetrah)
807 3389 912 3437 incolere
925 3386 1041 3436 dicuutur
1053 3387 1170 3448 ἅνθρωποι
1183 3387 1239 3448 ἱεροὶ
1251 3385 1398 3447 ίχθυοράγων
1411 3386 1419 3444 (
1431 3386 1446 3448 §
1458 3391 1488 3436 ³³
1503 3399 1526 3447 p.
1538 3390 1583 3436 283
1594 3389 1612 3447 ),
1625 3401 1669 3448 pru

54 3477 96 3522 σοι
108 3465 194 3526 scripsi
208 3463 270 3524 ἀνθρ.
282 3461 389 3523 πονηροὶ,
400 3473 476 3523 qutun
491 3475 519 3510 eu
534 3463 632 3510 nurnine
643 3461 732 3522 piratas
752 3463 837 3508 auctor
848 3461 932 3516 nutare
954 3457 1040 3516 sulcat,
1062 3461 1086 3504 et
1105 3456 1266 3504 ferocissimus
1282 3457 1306 3504 in
1321 3455 1367 3504 true
1390 3460 1469 3505 tractu
1482 3457 1571 3518 piratas
1582 3458 1668 3518 degere

54 3539 148 3583 constet.
161 3537 269 3582 Fortasse
278 3535 359 3580 tanren
373 3545 387 3579 a
400 3531 514 3580 mutanda
528 3532 624 3593 vulgata
634 3530 803 3580 airstinendum
816 3533 875 3580 erat.
889 3529 951 3578 Fieri
961 3527 1025 3576 eninr
1038 3531 1125 3588 potest,
1140 3530 1168 3575 ut
1180 3527 1264 3574 iuratae
1279 3527 1351 3588 hrrjus
1360 3527 1476 3576 memoria
1488 3528 1600 3588 quadarn
1613 3529 1671 3577 sub-

53 3603 78 3650 sit
89 3604 182 3660 tabulis,
193 3615 255 3664 qrras
273 3601 303 3650 de
318 3605 391 3650 Sacra
405 3601 455 3650 sire
471 3601 588 3650 Panclrma
604 3601 682 3650 insula
696 3613 724 3648 ex
739 3603 856 3649 Euemeru
872 3601 945 3648 relert
960 3596 1093 3655 illuderes,
1106 3599 1182 3658 utque
1188 3596 1275 3646 similia
1287 3599 1360 3646 etiarn
1372 3600 1457 3646 Noster
1468 3599 1595 3657 acceperit.
1611 3602 1670 3648 itar-

54 3677 83 3720 rat
96 3675 268 3730 niuuurusvt,
285 3679 308 3728 2,
323 3675 336 3719 ί
351 3673 495 3720 Erremerum
510 3673 671 3722 ἐκπλεύσαντα
681 3672 709 3720 ἐκ
720 3677 760 3729 τῆς
780 3671 914 3732 εὐδαίμονος
926 3668 1034 3731 'Apustius
1052 3669 1196 3725 ποιήσασθαι
1205 3669 1246 3718 τδν
1256 3669 1330 3717 πλοῦν
1351 3669 1380 3716 δι’
1393 3670 1499 3716 ὠκεανοῦ
1508 3669 1599 3726 πλείους
1612 3673 1670 3732 ἡμέ-

52 3757 94 3800 ρας,
108 3745 149 3790 καὶ
163 3743 346 3804 προσενεχθῆναι
357 3741 436 3798 νήσοις
450 3743 580 3800 πελαγίοις,
600 3743 633 3791 ὧν
652 3743 707 3804 μίαν
719 3743 838 3806 ὑπερέχειν
847 3742 889 3799 τὴν
903 3739 1075 3801 ὀνομαζομένην
1094 3739 1230 3802 Παγχαίαν,
1252 3738 1302 3800 ἐνῇ
1319 3740 1440 3787 τεθεᾶσθαι
1458 3740 1511 3794 τοὺς
1525 3741 1669 3797 ἐνοικοῦντας

54 3813 184 3874 Παγχαίους
203 3812 311 3874 εὒστδείᾳ
326 3811 473 3873 διαφέροντας
486 3813 526 3860 καὶ
539 3813 592 3867 τοὺς
606 3813 670 3867 θεοὺς
681 3817 797 3874 τιμῶντας
807 3810 1065 3873 μεγαλοπρεπεστάτοις
1076 3809 1173 3864 θυσίαις.
1188 3809 1254 3858 ldetu
1268 3811 1299 3869 V,
1310 3813 1350 3869 tt,
1364 3813 1377 3857 l
1391 3811 1518 3870 postquam
1533 3811 1564 3859 dc
1583 3812 1669 3864 Arabia

55 3884 117 3930 l'elrcl
127 3885 220 3942 egerat,
238 3883 314 3943 pergit
330 3897 336 3930 t
348 3883 440 3939 Ταύτης
452 3883 477 3930 δὲ
488 3883 549 3930 κατὰ
560 3884 602 3938 τὰς
616 3884 726 3944 ἐσχατιὰς
736 3889 776 3942 τῆς
793 3883 991 3944 παρωκεανίτιδος
1010 3882 1089 3944 χώρας
1105 3881 1245 3943 καταντικρὺ
1258 3885 1326 3939 νῆσοι
1336 3884 1423 3928 κεῖνται
1436 3881 1528 3935 πλείους
1538 3881 1547 3942 (
1559 3883 1669 3932 llorelru

53 3957 73 4000 et
84 3954 225 4015 propinquae
240 3951 366 4014 minores),
382 3954 415 4000 ὧν
427 3958 487 4014 τρεῖς
496 3955 555 4001 εἰσὶν
571 3953 632 4008 ἄξιαι
642 3959 682 4011 τῆς
692 3957 810 4016 ἱστορικῆς
820 3953 964 4014 ἀναγραφῆς,
975 3952 1019 4013 μία
1030 3952 1072 4013 μὲν
1085 3953 1101 4008 ἡ
1112 3953 1331 4013 προσαγορευομένη
1343 3951 1424 4012 lepti,
1439 3951 1491 3998 καθ’
1502 3951 1530 4006 ἣν
1540 3951 1583 3998 οὐκ
1596 3953 1669 4006 ἔξεστι

53 4025 98 4078 trie
106 4021 302 4080 τετελευτηκότας
311 4023 414 4082 θάπτειν,
430 4024 497 4084 ἑτέρα
508 4024 532 4072 δὲ
543 4025 642 4080 πλησίον
658 4023 753 4084 ταύτης,
764 4026 795 4080 είς
808 4025 837 4080 ἣν
845 4024 968 4086 κομίζουσι
977 4023 1007 4070 τὰ
1016 4023 1119 4083 σώματα
1134 4026 1181 4070 τῶν
1193 4020 1357 4069 ἀποθανόντων
1370 4025 1442 4080 ταφῆς
1457 4021 1577 4078 ἀξιοῦντας
1589 4025 1598 4080 l
1612 4025 1670 4072 lloec

54 4093 101 4140 ricta
114 4093 143 4141 ad
156 4093 339 4141 similitudinem
352 4106 437 4140 eurum
456 4105 511 4153 qum
525 4094 556 4141 de
572 4094 631 4142 Delu
643 4097 666 4142 et
684 4095 790 4143 lilrenaa
800 4097 889 4144 sciram
901 4095 919 4155 l.
934 4098 991 4146 Fert
1003 4092 1083 4142 insula
1095 4106 1163 4141 sacra
1179 4093 1247 4150 tirus,
1259 4093 1397 4155 ruyrrlram,
1416 4093 1462 4140 alia
1477 4095 1591 4140 aromata.
1603 4094 1669 4142 'rim-

54 4163 80 4208 τίν
90 4164 161 4210 arbor
173 4163 268 4222 δένδρον
277 4163 326 4210 ἐστὶ
340 4167 375 4224 τῷ
386 4163 427 4223 μὲν
440 4165 529 4224 μεγέθει
540 4165 631 4227 μικρὸν,
648 4170 677 4226 τῇ
687 4165 713 4212 δὲ
723 4164 838 4227 προσθθει
853 4171 883 4228 τῇ
898 4165 987 4227 ἀκάνθῃ
994 4171 1023 4226 τῇ
1035 4165 1152 4228 Αἰγυπτίᾳ
1162 4170 1191 4226 τῇ
1202 4166 1273 4226 truse
1281 4165 1453 4227 παρεμφερὲς...
1471 4164 1500 4212 '0
1508 4165 1533 4211 δὲ
1542 4163 1668 4221 λιδανωτὸς

54 4234 204 4295 ιγιγνὸρενσς
218 4233 241 4289 ἐξ
256 4234 329 4282 αὐτοῦ
343 4233 446 4289 ὀπίζεται
455 4236 487 4289 ὠς
499 4235 529 4282 ἂν
542 4235 649 4298 δάκρυον.
661 4239 724 4286 cum
735 4235 822 4296 qulbus
831 4236 975 4299 ronlerquae
984 4235 1015 4284 de
1025 4235 1110 4284 uadem
1123 4235 1209 4284 arbore
1216 4235 1240 4283 in
1255 4235 1435 4284 mediterraneis
1446 4234 1541 4282 «trebie
1555 4238 1669 4284 nascente

54 4304 109 4364 opud
121 4309 237 4355 nusnmn
247 4303 263 4366 §
275 4311 304 4354 29
316 4306 426 4363 leguntur
441 4325 446 4355 :
457 4305 526 4355 Ἐστι
536 4307 561 4356 δὲ
572 4307 602 4355 τὰ
614 4307 694 4370 δένδρα
708 4307 737 4356 τοὶ
749 4307 924 4370 λιδανωτορόρα
936 4308 965 4356 οὐ
981 4305 1071 4367 μεγάλα
1082 4305 1134 4354 λίαν
1145 4306 1198 4354 οὐδὲ
1209 4307 1328 4367 θψηλὰ,...
1341 4307 1373 4361 ὥς
1383 4305 1482 4352 τινακαὶ
1494 4309 1541 4352 τῶν
1551 4303 1606 4364 παρ’
1613 4307 1668 4365 ἡμῖν

56 4377 73 4422 ἐν
85 4377 195 4438 Αἰγύπτῳ
209 4377 307 4438 δένδρων
316 4375 410 4438 δακρύει
420 4377 447 4424 τὸ
456 4377 539 4438 κόμμι.
551 4377 598 4427 Sed
611 4378 708 4439 propius
725 4377 755 4426 ad
768 4391 818 4426 rem
834 4382 939 4426 nostram
953 4377 1056 4440 pertinet
1070 4376 1134 4437 quud
1146 4376 1265 4426 Diodorus
1282 4389 1305 4424 c.
1319 4379 1359 4436 lt,
1372 4381 1379 4424 1
1395 4375 1429 4422 ait
1439 4389 1445 4422 :
1459 4375 1520 4422 τὸδὲ
1530 4372 1617 4429 πλάτος
1627 4381 1668 4433 τῆς

57 4449 120 4500 νήσου
133 4449 204 4506 φασὶν
214 4446 273 4494 εἶναι
285 4445 389 4494 σταδίων
402 4450 433 4502 ὡς
447 4447 575 4496 διακοσίων
591 4462 597 4494 :
610 4451 647 4496 tut
659 4448 724 4496 enim
740 4447 847 4510 Serspid
872 4447 1052 4509 insulsumque
1064 4447 1122 4495 satis
1138 4450 1212 4507 recte,
1227 4446 1252 4495 iu
1265 4446 1356 4509 periplo
1367 4445 1523 4504 tribuuntur,
1539 4443 1667 4505 lungitudi-

56 4531 100 4564 irm
112 4518 198 4565 insutre
211 4519 297 4565 tiuster
313 4517 444 4565 stadiorum
459 4523 507 4566 suu
523 4531 575 4566 esse
583 4516 653 4577 dicit,
664 4531 740 4580 quum
753 4519 784 4566 sit
801 4519 849 4568 iere
862 4521 892 4568 st.
912 4523 1007 4570 ssu·
1022 4517 1133 4566 incolunt
1144 4519 1286 4567 Panclraearn
1305 4517 1351 4566 ins.
1372 4515 1496 4566 Panclraeae
1506 4513 1632 4576 indigenas,
1644 4517 1670 4566 et

55 4586 145 4636 eterne
159 4587 292 4644 Οτπαοίίιο,
305 4587 402 4647 Scythas
417 4589 441 4635 et
456 4589 595 4646 cretenses;
608 4601 677 4636 mons
691 4587 797 4650 Οὐρανοῦ
811 4587 886 4650 δίφρος
900 4591 925 4636 ct
932 4587 1053 4648 Τριφύλιος
1063 4587 1200 4648 Ὀλυμποςς
1219 4587 1278 4635 urbs
1295 4589 1396 4643 Panare,
1408 4585 1433 4632 et
1445 4583 1491 4630 alia
1503 4582 1549 4630 tria
1561 4583 1667 4646 oppida:

56 4657 156 4717 tirracia,
172 4657 249 4718 Datis,
261 4657 372 4706 oceanis.
386 4658 471 4705 Noster
483 4669 540 4706 reru
549 4660 599 4706 tres
611 4657 678 4706 ricus
687 4659 712 4706 iu
722 4658 842 4719 serapidis
853 4657 898 4706 ins.
918 4673 970 4708 esse
979 4660 1069 4707 uenat.
1089 4659 1208 4708 Maureta
1220 4661 1304 4706 autern
1320 4655 1406 4704 insutu
1416 4654 1608 4716 promontorium
1623 4668 1668 4703 au-

54 4729 118 4776 strrle
133 4731 185 4776 lios
200 4729 373 4782 Fir-liassas,
389 4741 467 4789 prum.
480 4727 575 4776 boreale
589 4728 614 4776 in
628 4740 714 4789 mappa
724 4728 819 4778 Arabim
831 4731 1007 4792 [iurglrausiana
1016 4735 1068 4780 tius
1083 4729 1154 4791 rufi·
1163 4742 1220 4778 cum
1230 4729 1317 4790 ortibus
1330 4729 1475 4787 Hurccicet
1486 4727 1560 4776 catu
1570 4727 1669 4776 nomina

55 4801 157 4862 rumpuni
169 4800 268 4861 possint.
282 4828 312 4840 -
322 4799 394 4858 Quud
404 4801 434 4849 de
449 4801 532 4850 ineolis
546 4801 673 4850 Penclraeae
684 4815 697 4851 e
707 4802 809 4852 dirersis
822 4805 933 4865 gentibus
942 4802 1025 4850 nrixtis
1035 4801 1153 4850 Diodorus
1163 4801 1243 4859 lrabet,
1257 4811 1305 4847 nun
1314 4797 1417 4846 alienum
1428 4796 1501 4845 cstsb
1514 4797 1604 4856 insuta,
1612 4809 1668 4858 οιτον

54 4875 127 4928 eptam
143 4871 224 4920 mutis
237 4871 366 4920 stationem
374 4871 505 4933 proebebat.
519 4871 634 4922 Similiter
646 4873 670 4921 ln
683 4873 828 4922 Dioscuridis
838 4874 914 4924 insula
926 4875 935 4934 (
945 4875 1049 4922 suestra
1054 4888 1065 4930 ;
1077 4871 1154 4920 hecto
1164 4870 1269 4930 insula)
1282 4870 1306 4917 et
1316 4868 1407 4917 Arabes
1417 4871 1441 4916 et
1451 4869 1549 4916 Graecos
1557 4869 1582 4915 et
1597 4866 1668 4917 ludos

55 4939 165 4990 habitasse
177 4955 192 4990 e
206 4941 298 5003 periplo
308 4946 392 4992 nostru
400 4943 523 4992 discimus.
536 4946 585 4993 Nec
599 4957 648 4992 non
661 4944 874 5006 lgatlrarclrides§
891 4951 932 4994 tus
945 4957 970 5005 p.
985 4949 1025 4994 tet
1039 4943 1070 4991 de
1085 4941 1161 4990 beatis
1172 4941 1256 4988 insulis
1271 4938 1365 4990 Arabio
1375 4938 1474 4987 australi
1484 4936 1666 4998 adjacentibus:

55 5011 88 5058 Ἐν
99 5013 195 5068 ταίταις
209 5019 261 5069 ταῖς
276 5013 366 5074 νήσοις,
379 5015 466 5075 lnquit,
484 5016 539 5062 ίδεῖν
553 5015 616 5062 loris
626 5016 743 5077 ὁρμούσας
758 5016 884 5080 ἐμπορικὰς
893 5021 940 5062 τῶν
951 5015 1098 5076 προσχώρων
1108 5011 1219 5073 σχεδίας,
1232 5011 1343 5064 πλείστας
1358 5010 1399 5072 μὲν
1413 5009 1499 5057 ἐκεῖθεν
1509 5007 1537 5055 οὕ
1554 5009 1665 5066 κατεστή.

55 5095 106 5130 οατο
122 5085 186 5146 παρὰ
202 5085 242 5133 τὸν
261 5083 333 5132 Ἰνδὸν
348 5086 454 5147 ποταμὸν
468 5087 481 5133 δ
495 5085 635 5147 Ἀλέξανδρος
648 5086 804 5148 ναύσταθμον,
822 5087 865 5134 οὐκ
881 5085 960 5143 ὀλίγας
970 5083 1050 5130 utre
1063 5087 1103 5140 τῆς
1121 5081 1231 5141 Περσίδος
1247 5081 1287 5128 καί
1301 5079 1434 5141 Καρμανίας
1451 5078 1542 5132 καὶτῆς
1556 5075 1667 5140 σύνεγγυς

56 5155 132 5210 τίσις.
153 5156 262 5216 Denique
274 5155 374 5204 rideant
386 5157 517 5204 indicarum
529 5156 666 5216 llngrrarurrr
681 5158 748 5218 periti
759 5171 789 5205 arr
800 5170 847 5205 non
861 5157 878 5204 'l
887 5158 937 5216 epu'r
952 5159 1020 5207 νῆσος
1037 5152 1100 5213 urrini
1115 5150 1247 5200 Diodorum
1262 5151 1294 5198 sit
1306 5148 1469 5209 interpretatio
1487 5145 1590 5193 nominis
1604 5147 1666 5194 initi·

57 5225 73 5269 ri
89 5229 203 5274 ,tto-sero
217 5228 268 5274 siri·
283 5230 415 5276 riu-erun.
430 5231 491 5285 erar
509 5228 607 5289 (irritem
622 5230 725 5291 suspicio
737 5228 791 5276 indu
806 5227 863 5274 nrilri
885 5223 1036 5274 subnascitur
1048 5222 1113 5282 ιγιιικί
1133 5221 1157 5268 in
1174 5221 1236 5280 regis
1253 5220 1324 5268 iudici
1346 5219 1443 5267 nurnine
1462 5219 1516 5279 Σιρο
1528 5217 1666 5278 πτολεμσῖος

58 5295 134 5356 (trud
149 5298 308 5348 t‘tolcmaeum
319 5299 372 5358 ru,
387 5305 407 5360 t,
421 5299 468 5360 sa)
483 5299 593 5348 voculam
609 5301 662 5360 Σιρο
675 5297 752 5348 indice
759 5300 879 5348 sanctum
889 5295 1020 5358 significare
1029 5296 1111 5344 rrronet
1119 5292 1238 5354 uenturus
1249 5291 1292 5353 (ν.
1301 5293 1351 5340 out.
1365 5288 1485 5351 adperipl.
1498 5285 1551 5349 §50
1564 5300 1586 5348 p.
1599 5290 1663 5349 tut).
