3775 5750
463 353 762 418 mortuomari.
785 351 835 417 nr
858 353 1013 419 rsmoao
1034 355 1278 420 cunaxcnuo.
1456 329 1464 338 ’
1577 377 1673 422 reru

67 487 157 545 Purra
170 487 222 545 vix
234 500 278 546 est
290 487 429 558 dubium,
444 489 516 564 quin
530 487 675 548 Lucienus
687 507 723 546 ex
737 487 849 546 Isidoro
895 496 937 546 nis
950 509 988 546 ea
999 489 1066 546 urbe
1082 497 1164 564 regia
1175 493 1295 559 Durine,
1312 512 1375 566 quae
1385 505 1441 548 tum
1451 496 1571 562 interiit,-
1589 498 1675 551 ‹leriu-

66 605 122 642 uon
134 585 222 642 modo
241 585 413 643 Artaxerxis
434 597 463 642 et
475 584 573 644 Goaesi
591 586 779 660 mentionem,
800 584 849 642 sed
894 591 953 654 ctis,
966 589 1136 661 militumque
1144 587 1286 646 inutilibus
1299 590 1340 642 iti
1347 590 1460 656 relictis,
1472 591 1676 646 Alexandriam

65 699 96 734 ea
110 699 230 755 quoque
244 679 380 758 petiverit
396 698 461 754 quae
471 679 571 736 eodem
587 679 652 736 ioco
664 679 801 754 leguntur
814 678 850 736 de
894 686 1037 758 appellari
1048 691 1187 755 jusserat,
1210 703 1372 758 pagumque
1389 687 1526 740 Peliaeum
1546 705 1566 740 a
1581 694 1678 760 patria

65 773 226 830 Sinatrocie
239 787 269 830 et
287 774 425 844 hiascire,
443 773 618 832 Parthorum
629 775 757 848 regibus,
776 774 850 832 etde
894 798 960 845 sua,
982 798 1062 852 quem
1075 783 1189 853 proprie
1204 781 1390 834 Macedonum
1406 777 1531 850 fecerat.
1548 783 1677 838 Flumina

66 870 203 928 Characis
216 868 264 926 καὶ
277 873 329 928 τῶν
349 870 406 926 κατ’
421 867 548 948 Ἐρυθρὰν
565 867 652 928 τόπων
669 871 787 944 regulis,
800 871 849 928 iti·
896 877 928 928 id
941 876 1074 947 oppiduim
1095 893 1299 948 expugnavere.
1323 877 1424 930 Postea
1444 879 1562 930 restituit
1575 880 1678 932 Antio·

67 967 192 1041 spasmo,
209 965 235 1022 T
237 967 309 1023 iraeo
324 979 352 1022 et
366 965 518 1023 Artabazo.
533 967 605 1035 Quae
619 966 736 1042 quidem
751 967 850 1024 omnia
894 971 963 1026 cirus
977 976 1087 1044 quintus
1097 989 1193 1044 regum
1215 983 1244 1024 et
1264 989 1314 1024 suo
1333 976 1445 1024 nomine
1458 973 1614 1044 appellauit
1625 977 1677 1026 ite·

68 1062 100 1118 ad
114 1061 253 1120 Parthica
265 1062 500 1120 commodissime
511 1063 685 1121 reseruntur.
698 1095 731 1106 -
742 1065 850 1120 Plinius
894 1085 1009 1140 rumque
1018 1065 1179 1138 infestatum
1193 1068 1310 1120 Pasiner
1324 1068 1610 1143 Saggaduuacistlius
1625 1087 1677 1123 rex

69 1161 95 1216 in
110 1159 189 1216 libro
200 1161 300 1238 primo
317 1159 462 1218 isidorum
484 1173 613 1218 recenset
630 1161 707 1218 inter
719 1174 850 1219 auctores
890 1163 1077 1234 finitimorum
1084 1161 1678 1236 Arabum,quemlubnsatrapamAntioclrt

67 1255 221 1332 exquibus
241 1254 334 1312 libros
349 1254 390 1326 ΙΙ,
411 1254 470 1326 iii,
487 1254 533 1326 ti,
547 1254 582 1325 V,
597 1254 634 1312 vi
650 1255 808 1330 collegerit,
822 1268 851 1314 et
886 1255 982 1328 fuisse
994 1255 1078 1329 salso
1093 1259 1192 1327 traelit,
1214 1263 1347 1332 uppmitis
1366 1259 1483 1312 moliinu
1500 1264 1618 1314 restituit
1629 1279 1678 1314 no·

68 1351 159 1408 decem
178 1352 242 1409 iere
252 1351 327 1409 iocis
338 1351 481 1412 librorum
492 1351 531 1420 ii,
546 1349 594 1422 iV,
607 1349 773 1411 Vdisertam
787 1351 851 1427 ejus
896 1373 1013 1428 meaque
1026 1373 1105 1408 suum
1122 1355 1214 1421 dedit,
1233 1360 1353 1409 emunito
1367 1359 1421 1409 situ
1437 1361 1524 1426 jueta
1546 1361 1575 1410 in
1589 1359 1678 1429 longi·

69 1449 243 1506 mentionem
254 1447 361 1525 injicis
375 1447 566 1509 Characenum
575 1447 850 1506 vocatiuauctorum
896 1451 1018 1504 tudinem
1034 1453 1091 1505 111
1107 1453 1167 1508 mil.
1183 1469 1227 1525 μ,
1250 1455 1279 1505 in
1304 1451 1479 1506 latitudinem
1502 1454 1602 1526 paullo
1627 1457 1677 1508 mi·

70 1543 195 1602 indiculo
211 1543 287 1601 iibri
306 1543 444 1614 secundi,
458 1543 561 1602 ceteris
575 1543 661 1614 iocis,
680 1543 768 1602 missa
784 1556 852 1601 nota
895 1565 956 1601 nus.
972 1547 1055 1602 Prius
1063 1545 1250 1619 suitalitore
1269 1548 1364 1601 stadia
1389 1549 1424 1602 Χ
1439 1553 1610 1603 maritimam
1628 1545 1677 1626 (ἢ,

69 1642 176 1715 patriae,
188 1640 367 1718 simpliciter
383 1639 526 1700 isidorum
540 1639 638 1698 iaudat
650 1659 707 1697 una
721 1659 786 1698 eum
800 1643 852 1698 Ar·
895 1641 980 1695 etiarn
999 1643 1148 1715 Vipsanda
1159 1647 1281 1715 porticus
1304 1640 1392 1696 iuuet
1420 1641 1474 1714 (ut
1488 1643 1680 1718 lamipsanda

69 1737 227 1806 temidoro,
244 1735 578 1812 Eratosthene,Pythea,
588 1735 664 1794 aliis.
682 1733 852 1810 Fragmenta
896 1733 1048 1790 rarrticus
1066 1735 1196 1808 habeti),
1212 1736 1288 1790 luha
1307 1753 1373 1790 uero
1389 1736 1536 1810 prodente,
1557 1739 1616 1792 LM
1624 1757 1656 1810 p.
1666 1757 1679 1804 ,-

69 1835 163 1891 omnia
179 1834 330 1910 pertinent
343 1834 378 1892 ad
392 1851 541 1892 mensuras
561 1831 643 1890 orbis
662 1843 803 1890 terrarum
824 1845 853 1889 et
896 1849 970 1886 nunc
994 1833 1091 1886 abesse
1121 1849 1141 1886 a
1167 1834 1246 1886 litore
1267 1831 1350 1887 CXX
1376 1832 1421 1888 M.
1447 1833 1534 1903 legati
1554 1829 1680 1887 Arabum

69 1930 250 2004 singularum
263 1931 426 2004 regionum.
440 1929 523 1987 Unde
533 1941 610 2006 patet
620 1928 709 2004 petita
719 1927 780 1985 haec
790 1946 852 1986 esse
896 1933 1034 2002 nostrique
1039 1933 1235 2000 negotiatores,
1241 1932 1290 2002 qui
1298 1929 1362 1981 inde
1368 1939 1509 1994 uenerant,
1521 1927 1679 2002 affirmant.

69 2045 101 2082 ex
118 2025 322 2102 descriptione
336 2026 427 2084 totius
447 2023 544 2100 orbis,
560 2025 674 2100 qualem
689 2022 855 2084 Eratosthes
897 2024 959 2078 Nec
978 2026 1039 2078 ulia
1056 2036 1140 2096 parte
1150 2026 1217 2097 plus
1230 2035 1281 2078 aut
1299 2025 1413 2079 celerius
1431 2021 1578 2097 profecere
1598 2037 1681 2080 terroe

70 2121 578 2181 nesaarremidoruscondidemnt.
587 2120 667 2178 idem
675 2141 749 2198 opus
757 2120 853 2180 innuit
889 2118 1057 2190 sttutittt'btts
1067 2124 1183 2174 invectoe
1194 2125 1266 2174 mari
1272 2139 1284 2186 ,·
1298 2121 1330 2174 id
1339 2125 1440 2174 mirum
1451 2133 1506 2188 est,
1519 2133 1589 2176 oestu
1600 2123 1681 2193 longe

71 2221 235 2274 iinrcianus
243 2220 440 2275 Heracleensis
449 2218 479 2274 in
489 2215 635 2294 prooeruio
646 2217 753 2294 peripii
765 2218 853 2276 maris
899 2218 974 2270 uirra
982 2217 1014 2270 id
1022 2217 1171 2270 accedente
1181 2233 1237 2271 non
1248 2235 1404 2290 percussas,
1421 2219 1482 2272 Hoc
1495 2222 1523 2271 in
1534 2220 1593 2272 lom
1603 2223 1680 2290 inge-

70 2314 186 2384 imerni,
200 2313 254 2370 ubi
267 2315 344 2372 inter
355 2314 454 2372 varios
467 2313 603 2391 peripidn
619 2325 648 2370 et
664 2313 853 2392 geographia·
898 2317 988 2366 nuum
1008 2329 1067 2366 esse
1081 2312 1241 2378 Dionysium
1266 2309 1342 2387 (leg.
1358 2311 1521 2382 Isidorum)
1546 2325 1680 2368 cenarum

70 2431 129 2467 rum
142 2411 307 2489 scriptores
316 2411 403 2470 etiam
412 2408 556 2468 isidorum
570 2409 767 2468 Characeuum
779 2431 854 2470 com·
897 2409 1048 2462 orbantur
1067 2411 1279 2462 recentissimum
1294 2419 1447 2474 wettrem»
1464 2426 1546 2482 quem
1557 2410 1599 2462 uei
1610 2427 1682 2464 com·

70 2520 222 2566 memorat.
899 2506 1055 2562 intentanda
1083 2509 1180 2560 omnia
1208 2510 1240 2558 in
1262 2509 1395 2558 orientem
1419 2509 1591 2577 meerur'serit
1608 2505 1684 2560 unios

109 2611 178 2670 rat..
199 2603 253 2660 iiis
266 2603 437 2680 praemissis,
451 2604 566 2678 singuia
579 2623 758 2682 exponamus
770 2623 853 2662 accu-
902 2605 1056 2674 Augustus,
1072 2605 1144 2656 itura
1161 2601 1203 2654 ad
1213 2603 1375 2671 Armenium
1394 2600 1436 2654 ad
1447 2598 1595 2654 Parthicas
1605 2601 1683 2654 Ara·

70 2697 171 2756 ratius.
190 2697 233 2753 hc
247 2698 373 2774 primum
394 2697 512 2774 quidem
527 2701 622 2776 patria
643 2698 751 2758 isidori
775 2719 853 2776 quae-
899 2701 1078 2772 tricasqueres
1091 2701 1199 2767 majore
1205 2697 1280 2766 filio,
1295 2715 1351 2750 non
1362 2714 1406 2750 me
1411 2700 1544 2770 preaterit,
1563 2713 1614 2749 nec
1622 2713 1683 2750 sum

70 2811 132 2848 nam
147 2791 267 2850 Charax
282 2793 369 2851 inerit
386 2813 508 2870 quaeras.
524 2794 593 2852 Nam
616 2808 648 2853 ut
664 2795 735 2854 alias
745 2799 853 2856 naletam
898 2793 1001 2848 oblitus
1010 2797 1054 2846 sui
1063 2809 1200 2865 quemque
1210 2796 1277 2846 situs
1286 2792 1532 2865 diligentissimum
1544 2801 1683 2844 armtarem

70 2890 213 2947 Char-aces
225 2893 326 2961 urbes,
342 2893 373 2949 in
389 2892 453 2969 ipso
469 2893 645 2951 Parthorum
660 2894 786 2971 imperio
801 2894 853 2951 ha·
900 2896 992 2945 visum
1007 2891 1084 2945 nabis
1095 2895 1123 2943 in
1137 2894 1250 2943 introitu
1260 2888 1342 2960 liujus
1354 2894 1462 2963 operiri
1479 2894 1508 2942 in
1520 2886 1575 2942 ltssc
1590 2900 1685 2943 lamen

70 2984 117 3042 bes
129 2984 290 3043 Characem
303 2985 405 3043 hiediae
424 2986 577 3062 Rhagiane
592 2992 631 3060 (v.
649 2988 740 3047 hians.
756 2987 853 3049 Parth.
894 3000 980 3061 parte
996 3006 1080 3043 arma
1097 2988 1227 3043 liomana
1239 2991 1320 3061 sequi
1330 2988 1425 3061 piacet
1437 2987 1515 3042 nobis
1527 2983 1685 3061 ludamque

3 3124 4 3139 .
71 3080 114 3154 §7
131 3100 165 3157 p.
185 3079 264 3156 251)
286 3093 314 3137 et
324 3080 479 3139 Characem
500 3081 577 3139 Sidae
595 3082 626 3139 in
648 3082 856 3160 Mesopotamia
901 3100 996 3153 regem
1010 3084 1051 3137 ad
1070 3084 1188 3137 eundem
1210 3084 1310 3137 Gaium
1326 3083 1470 3137 Ceesurem
1488 3084 1596 3154 scriptu
1609 3083 1684 3136 solu·

73 3181 121 3247 (r.
139 3174 237 3234 iiians.
255 3175 347 3251 P.§r
369 3198 398 3253 p.
417 3176 495 3255 245)
520 3190 549 3235 et
563 3177 719 3236 Characem
739 3179 855 3256 Spasini
901 3179 1023 3233 minibus
1032 3179 1068 3232 de
1077 3180 1177 3233 eadem
1194 3180 1373 3251 expeditione
1382 3178 1516 3233 Arabica.

71 3271 99 3326 in
115 3269 244 3328 Susiana
264 3271 341 3329 inter
362 3270 511 3346 Tigridem
534 3271 657 3331 iiuvium
680 3286 708 3331 et
727 3273 855 3332 Etriaeum
944 3272 1013 3331 125.
1028 3270 1685 3347 iiaecPlinius,inquibusDionysiumChara·

71 3368 133 3423 sita.
157 3367 253 3434 Quam
277 3378 425 3444 postremo
445 3366 510 3425 ioco
525 3369 628 3445 posui,
644 3381 676 3426 ut
696 3369 798 3427 ceteris
814 3381 857 3427 est
902 3387 1005 3425 cenum
1027 3384 1180 3444 perperam
1205 3386 1260 3444 pro
1278 3369 1388 3423 isidoro
1405 3366 1481 3440 tegi,
1507 3366 1683 3437 rectissime,

71 3462 158 3536 longe
176 3461 319 3533 nobilior,
344 3462 386 3519 sic
404 3462 490 3520 etiam
511 3462 611 3521 Nostri
632 3462 721 3521 luisse
734 3464 856 3540 patriam
902 3463 1022 3540 opinor,
1041 3462 1207 3540 suspicatus
1222 3474 1266 3521 est
1286 3460 1492 3537 Bernhardyus
1505 3460 1542 3519 ad
1560 3460 1683 3538 Dionys.

72 3576 245 3633 persuasum
271 3570 324 3618 est.
352 3556 430 3615 Facit
443 3557 500 3615 huc
521 3558 600 3634 quod
625 3556 769 3617 Lucianus
790 3559 811 3619 i.
833 3559 855 3617 i.
902 3556 1021 3633 Perieg.
1034 3576 1065 3636 p.
1093 3566 1162 3632 497.
1186 3556 1259 3615 Nam
1273 3556 1434 3628 isidorum,
1451 3576 1510 3613 non
1524 3554 1687 3614 veroiiio·

3 3700 4 3703 ,
73 3653 147 3709 inter
168 3670 220 3727 ea,
236 3670 301 3728 quae
324 3670 361 3709 ex
383 3651 497 3711 isidoro
520 3653 687 3711 Characeno
712 3666 858 3713 mutuatus
903 3655 1039 3732 nysium,
1066 3656 1098 3713 iu
1117 3654 1224 3733 primis
1242 3654 1341 3731 operis
1364 3652 1565 3711 voluminibus
1579 3651 1615 3711 de
1629 3652 1686 3710 situ

73 3768 132 3807 esse
156 3748 246 3807 nobis
269 3747 396 3821 videtur,
424 3760 481 3807 tres
498 3749 614 3825 regulos
634 3747 771 3807 Characis
787 3749 858 3826 Spa·
903 3765 1049 3810 terrarum
1072 3750 1188 3809 Plinius
1210 3767 1269 3809 una
1281 3770 1346 3807 cnm
1365 3749 1559 3808 nobilissimis
1570 3766 1688 3824 geogra-

74 3846 129 3903 sini
154 3856 307 3905 memorat.
332 3842 389 3901 Sed
414 3844 506 3903 multo
536 3844 629 3917 magis
650 3862 686 3902 eo
714 3844 860 3922 pertinere
903 3848 972 3925 piris
1003 3847 1123 3906 laudare
1148 3847 1236 3916 solet;
1259 3844 1346 3922 hujus
1370 3845 1460 3919 igitur
1490 3844 1633 3902 memoria
1655 3845 1686 3901 in

75 3960 180 3999 censeo
200 3940 298 3997 iocum
319 3938 410 3999 Plinii
421 3938 490 4015 (vl,
508 3940 555 4011 31,
580 3940 666 4016 5138
680 3946 702 4010 ),
718 3958 804 4016 quem
825 3940 860 3998 de
905 3942 1046 4000 Characis
1064 3940 1213 3999 mentione
1233 3938 1403 3998 renovanda
1414 3950 1487 3997 erat.
1503 3938 1689 4008 Quoacoedit

75 4036 203 4093 Charace
223 4034 297 4094 urhe
314 4048 342 4093 et
357 4035 393 4093 dc
411 4035 488 4113 ipso,
501 4047 533 4093 ut
547 4048 630 4113 puto,
645 4034 759 4093 isidoro
772 4034 860 4093 hahe-
905 4037 985 4115 quod
999 4039 1198 4096 inunctorum
1220 4036 1291 4094 iibri
1306 4037 1379 4094 sexti
1391 4036 1523 4094 indiculo
1542 4035 1688 4107 Isidorus,

77 4152 139 4189 mus
149 4131 286 4189 omnium
301 4130 536 4191 disertissimum.
548 4128 654 4187 Totum
663 4130 747 4188 iioeat
755 4129 862 4189 adscri-
905 4134 1005 4191 nuilus
1012 4152 1083 4192 vero
1090 4132 1251 4210 Dionysius
1262 4145 1449 4191 memoratur.
1461 4130 1607 4189 laudatur
1621 4148 1689 4187 sane

77 4228 157 4287 here.
173 4230 293 4285 Clarae
303 4230 447 4303 oppidum,
464 4228 572 4304 inquit,
586 4230 691 4284 Persici
705 4234 780 4285 sinus
792 4235 862 4284 intu·
907 4228 1069 4305 Dionysius
1093 4228 1211 4305 quidam
1227 4247 1286 4286 uua
1309 4249 1374 4286 cum
1399 4227 1517 4306 Ephoro
1531 4226 1567 4284 de
1591 4226 1690 4303 prisco

78 4347 150 4383 mum
158 4370 169 4399 ,
182 4346 202 4381 a
212 4346 267 4399 quo
276 4326 383 4381 Arabia
393 4326 548 4381 Eudoemon
560 4330 861 4401 cognominataeacur·
906 4328 1024 4383 nomiae
1050 4322 1168 4384 Euboeae
1190 4323 1242 4383 lib.
1257 4324 1306 4398 iv,
1326 4345 1361 4384 ar
1376 4346 1384 4381 ι
1408 4330 1500 4380 Antea
1517 4328 1636 4377 vocitata
1649 4334 1692 4377 est

78 4429 124 4491 rit,
138 4420 287 4478 habitatur
297 4428 327 4477 in
340 4424 413 4479 colle
426 4440 511 4479 manu
518 4419 603 4493 sacto
620 4428 693 4477 inter
702 4422 862 4493 confluentis
907 4423 1083 4479 Chalcodotm
1091 4435 1141 4478 aut
1148 4424 1256 4478 Macris
1265 4421 1369 4499 (⁴¹⁸),ut
1376 4424 1554 4494 Dionysiuset
1562 4418 1690 4495 Epiroten

78 4524 175 4577 derne
186 4522 307 4595 Tigrim,
322 4522 393 4575 iaera
403 4520 544 4589 Euioeum,
554 4522 611 4574 III
618 4519 676 4577 mii.
685 4538 717 4593 p.
730 4521 859 4576 incitate.
907 4520 1034 4587 trudunt;
1051 4530 1080 4575 et
1098 4517 1134 4576 de
1147 4516 1190 4576 Co
1199 4518 1296 4579 insuia
1313 4517 1365 4577 lib.
1380 4516 1416 4588 V,
1431 4516 1467 4573 36
1484 4537 1491 4573 ε
1507 4518 1568 4584 Cos,
1586 4530 1618 4573 ut
1627 4519 1691 4590 piu·

81 4618 228 4674 canditum
240 4628 283 4671 est
289 4621 411 4690 primum
422 4617 460 4671 ab
472 4616 638 4671 Alexandro
649 4617 772 4689 Magno,
786 4616 861 4671 colo-
906 4634 951 4670 res
962 4620 1136 4693 existimant,
1147 4618 1264 4691 Merope
1273 4626 1377 4682 menta,
1398 4614 1468 4683 Cea,
1479 4624 1509 4668 nt
1522 4612 1690 4687 Staphylus,

109 4820 141 4881 r')
161 4820 251 4870 titiam
270 4816 403 4881 capanna
415 4816 485 4868 codd.
501 4818 553 4869 itit
565 4816 664 4879 sitiigiir
674 4818 756 4867 ettam
766 4814 897 4881 inmania
910 4816 1006 4868 codices
1019 4816 1132 4879 Barbam
1145 4822 1171 4869 et
1177 4818 1237 4881 iam
1257 4814 1394 4881 riprando
1407 4818 1523 4880 porticus
1533 4814 1613 4865 tutet
1625 4812 1692 4864 dedit

79 4889 194 4951 stiiigius,
207 4890 317 4939 mam
331 4888 361 4938 de
372 4888 424 4938 ioco
436 4891 549 4951 conupto
563 4888 622 4937 nihii
636 4886 776 4950 diiudicans.
792 4886 931 4951 hauriatur
947 4901 1037 4940 nomen
1047 4889 1160 4937 auctoris.
1176 4890 1256 4945 Quare
1268 4888 1293 4937 in
1306 4890 1426 4951 porticus
1444 4886 1529 4937 latebit
1541 4883 1691 4935 Parthicus.

80 4960 221 5009 Pracedens
234 4973 322 5008 nomen
334 4959 448 5023 inceperit
466 4972 481 5008 a
500 4958 573 5009 literis
586 4962 640 5008 tam
653 4960 692 5008 rei
706 4962 760 5019 iun,
773 4972 849 5022 quum
861 4958 945 5009 crebra
956 4959 1005 5009 sint
1019 4957 1136 5020 ejusmodi
1148 4958 1247 5007 nomina
1259 4956 1324 5020 apud
1338 4958 1469 5018 Amticom
1485 4955 1531 5006 nisi
1544 4955 1605 5004 lorte
1613 4958 1671 5003 erat
1685 4974 1691 5002 ι

80 5033 245 5080 maritimum
256 5032 338 5079 etiam
347 5032 378 5079 ut
389 5028 495 5080 reunia
505 5028 559 5092 (rei
570 5043 577 5078 :
592 5027 644 5093 [ut]
657 5028 787 5091 ipsanio)
802 5028 884 5091 hahet,
895 5029 983 5079 coiiato
991 5030 1088 5080 nomina
1103 5028 1243 5079 chunsena
1254 5030 1419 5091 Htspaatnes,
1429 5029 1563 5090 spastnes,
1575 5027 1693 5075 Pustnes.

81 5100 225 5161 scriptorem
235 5099 515 5150 Partiricumnemireris.
522 5099 718 5162 Meminerisqum
725 5098 755 5149 de
761 5099 856 5161 arrosa
864 5100 974 5151 Parthico
980 5104 1004 5150 et
1011 5098 1259 5152 amrudexmenio
1265 5097 1344 5160 prodit
1352 5096 1643 5147 Plutarchusincraasoc.
1652 5096 1693 5143 ³3.

110 5168 154 5229 (*·)
165 5172 201 5218 De
215 5167 338 5219 miamin
348 5168 579 5219 nominetimrones
595 5168 707 5219 Ponticos
718 5181 805 5218 nomen
818 5169 906 5221 trahere
917 5169 1044 5233 Dionysim
1058 5168 1150 5218 statuit.
1161 5169 1192 5215 v.
1202 5168 1285 5219 schot.
1298 5167 1374 5231 apoli.
1387 5166 1436 5218 aa.
1453 5170 1473 5228 i,
1486 5169 1560 5217 tuti:
1573 5164 1694 5218 Διονύσιος

82 5239 104 5287 ἂ
115 5240 129 5287 ὁ
140 5238 266 5295 reanum
275 5239 378 5303 εἰρῆσθαί
389 5256 457 5303 φησιν
471 5240 554 5297 ainai<
564 5240 703 5303 Memoriae,
713 5240 792 5299 insidi
802 5241 910 5293 Eiiolur
918 5243 965 5292 siai
980 5240 1217 5305 atanaricum.

185 5324 271 5372 emet.
282 5340 296 5373 r.
1557 5356 1574 5405 ¹,
