3775 5750
514 361 564 419 DE
585 360 766 419 anontttt
787 359 1011 422 S'l'hfllASth
1033 361 1151 421 Manis
1174 361 1313 420 tthttt.
1350 417 1355 422 .

543 571 725 630 Attonitas!
746 570 989 632 stanttsttus
1011 571 1131 630 status
1153 572 1290 634 tatum.

156 749 223 784 201.
245 726 424 784 llerenimus
446 725 482 782 ad
503 724 634 782 libellum
660 724 711 801 qni
727 723 899 782 inscribitur
941 719 1131 800 noftrumque
1141 724 1250 801 profert
1261 726 1422 802 periplnm,
1440 726 1512 783 adeo
1525 727 1607 786 illum
1620 748 1636 788 a
1646 731 1726 807 prio·

118 819 334 894 Σταδιασμὸς
362 819 438 890 ἤτοι
461 812 652 898 aeplitius<
676 823 737 889 τῆς
755 818 903 895 μεγάλης
941 818 1024 876 ribus
1039 819 1209 896 quisquiliis
1221 818 1450 897 discrepantem,
1467 833 1499 878 ut
1508 841 1558 880 seu
1573 826 1726 898 margarita

7 920 9 941 ¹
116 917 340 989 θαλάσσης,ἰ.
359 937 377 974 e
396 924 481 974 maris
503 921 700 974 mediterranei
719 915 817 995 [quod
839 937 900 972 ma·
940 917 1031 974 niteat
1051 919 1084 974 in
1107 928 1245 976 stercore.
1268 917 1412 976 Videlicet
1430 939 1495 996 quae
1509 917 1545 976 de
1565 931 1640 976 terra
1652 921 1726 978 inter

115 1036 200 1089 greum
214 1012 337 1072 serioris
347 1013 402 1070 aevi
416 1013 574 1090 scriptores
590 1013 697 1090 passim
710 1023 817 1068 vocant
831 1007 840 1089 l
849 1031 902 1085 pr·
941 1009 1009 1068 Noae
1023 1012 1188 1088 prosapiam
1205 1011 1301 1070 divisa
1316 1011 1491 1083 ferebantur,
1511 1032 1544 1072 ea
1559 1015 1725 1090 Byzantinis

116 1113 202 1185 rtplus
213 1123 244 1164 et
250 1128 304 1182 per
315 1110 411 1164 stadia
429 1114 560 1164 emensio.
581 1109 690 1163 lluctor
702 1103 767 1181 ejus
781 1124 901 1181 anony-
940 1125 997 1182 pro
1007 1104 1186 1182 geographia
1198 1105 1321 1183 quadam
1332 1107 1549 1185 compendiaria
1558 1122 1650 1179 erant,
1663 1109 1725 1186 qui·

33 1204 37 1214 “
117 1223 197 1272 runs,
220 1201 418 1279 geographum
436 1201 562 1278 aliquem
592 1199 820 1257 Alexandrinum
840 1217 902 1276 pra
940 1199 998 1258 bns
1019 1201 1077 1259 alia
1100 1202 1243 1260 nonnulla
1256 1202 1361 1260 selecta
1382 1203 1574 1280 geographica
1595 1205 1625 1262 in
1641 1225 1724 1263 usum

116 1298 219 1356 ceteris
235 1310 361 1366 amotus,
384 1307 479 1355 sumto
497 1293 535 1353 ab
547 1293 724 1352 Alexandria
737 1293 824 1353 initio
838 1293 901 1372 pri·
940 1295 1115 1354 discentium
1129 1295 1319 1355 addebantur.
1331 1295 1380 1354 Sic
1389 1297 1439 1355 illa
1449 1296 1484 1355 de
1497 1299 1631 1357 maximis
1642 1320 1725 1358 mon·

115 1411 194 1448 ιιιιιιιι
220 1391 291 1465 legit
314 1409 396 1449 oram
421 1389 560 1468 Libycam
584 1390 620 1448 ad
638 1389 791 1447 columnas
807 1407 902 1463 usque
940 1391 1027 1461 tibus,
1048 1392 1204 1470 fluviisque
1229 1394 1261 1452 in
1287 1391 1487 1472 compluribus
1509 1395 1655 1455 chronicis
1677 1399 1725 1455 de·

116 1486 406 1558 llerculeas3deinde
418 1487 524 1544 iterum
539 1488 576 1544 ab
591 1484 770 1543 Alexandria
778 1505 902 1543 exorsus
939 1489 1176 1566 pr·elrenduntut·;
1197 1508 1293 1568 neque
1311 1510 1412 1548 omnes
1432 1491 1463 1550 in
1486 1491 1533 1550 his
1563 1492 1726 1552 substitisse

115 1581 274 1642 Asiaticum
298 1582 369 1639 litus
382 1580 537 1659 descripsit
556 1580 700 1657 usquead
717 1579 826 1639 Fanum
840 1580 901 1648 Διὸς
939 1583 1023 1642 docet
1031 1583 1198 1642 Chronicon
1208 1584 1362 1660 Paschale,
1374 1587 1404 1644 in
1418 1605 1478 1663 quo
1489 1599 1626 1666 praeterea
1637 1589 1724 1646 urbes

114 1677 222 1756 Οὐρίου,
236 1691 269 1736 ut
281 1695 337 1750 ego
352 1695 470 1746 censeo,
481 1675 538 1744 vel,
551 1687 584 1732 ut
595 1674 687 1732 codex
698 1673 795 1747 habet,
807 1693 901 1752 usque
940 1682 1073 1736 maximae
1085 1676 1242 1737 secundum
1250 1678 1596 1758 septemorhisterrarum
1611 1682 1725 1740 climata

115 1774 148 1829 ad
165 1770 404 1841 llioscuriadem5
428 1782 495 1848 post
518 1769 580 1827 haec
606 1768 730 1845 Europa
746 1769 899 1848 paraplum
939 1785 1158 1832 enumerantur.
1176 1773 1273 1832 Simili
1291 1775 1381 1850 igitur
1393 1775 1518 1835 consilio
1533 1773 1635 1835 Noster
1648 1777 1725 1855 peri·

113 1865 280 1924 exhibuita
303 1865 380 1924 fano
398 1864 606 1942 byzantiorum
626 1864 721 1941 (quod
739 1881 757 1921 e
781 1864 901 1938 regione
938 1869 1019 1948 plum
1032 1868 1146 1927 dedisse
1159 1869 1319 1928 censendus
1328 1883 1380 1931 est.
1624 1938 1628 1943 ,

114 1959 352 2020 situmeratFani
364 1959 641 2039 JovisUriilusque
652 1959 688 2018 ad
701 1959 835 2018 llerculis
847 1980 900 2017 co·
980 1970 1048 2029 aot.
1072 1965 1180 2022 Auctor
1201 1966 1254 2021 iste
1273 1963 1449 2042 Byzantinus
1462 1965 1581 2043 quinam
1597 1965 1682 2024 fuerit
1698 1979 1726 2024 et

114 2059 239 2118 lumnas.
255 2056 305 2116 llis
320 2058 431 2115 inserta
451 2069 534 2114 erant
547 2055 709 2114 insularum
723 2055 899 2134 descriptio·
940 2055 1058 2134 quando
1069 2056 1230 2134 scripserit,
1242 2059 1389 2116 nescimus
1400 2078 1452 2116 nec
1464 2059 1726 2138 sciremagnoperc

113 2171 164 2210 nes
177 2153 319 2229 uariaque
330 2151 493 2229 diaplorum
509 2150 633 2225 farrago.
938 2150 1043 2221 refert,
1059 2150 1295 2229 quandoquidem
1311 2150 1347 2210 de
1366 2171 1420 2210 suo
1436 2153 1488 2210 vix
1509 2152 1668 2230 quidquam
1688 2155 1724 2212 ad

155 2267 228 2304 aoa.
250 2245 345 2322 lday’or
362 2243 427 2324 ejus
438 2245 544 2323 peripli
560 2263 628 2322 pars
649 2264 726 2303 nunc
738 2243 896 2321 deperdita.
938 2265 1000 2303 rem
1013 2245 1141 2303 attulerit
1159 2257 1263 2324 praeter
1277 2246 1471 2322 ignorantiam
1485 2259 1513 2304 et
1523 2248 1657 2325 supinam
1675 2267 1725 2306 ne·

112 2345 290 2422 Superstites
311 2344 343 2402 in
364 2363 426 2402 uno
444 2343 544 2400 codice
562 2341 730 2401 llatritense
749 2341 900 2421 particulae
938 2341 1123 2418 gligentiam,
1140 2361 1197 2420 qua
1211 2341 1312 2400 ducem
1330 2343 1375 2400 vel
1388 2342 1475 2406 duces
1485 2363 1554 2402 suos
1567 2345 1725 2404 occitanter

111 2440 178 2498 ‹luae
189 2441 236 2498 rel
252 2451 327 2512 tres;
349 2439 463 2517 prima,
480 2438 589 2516 peripli
607 2438 741 2510 initium,
757 2437 821 2496 loca
835 2457 899 2496 ma·
938 2437 1092 2516 exscripsit
1114 2437 1337 2516 breviavitque3
1356 2457 1531 2516 quamquam
1546 2460 1605 2498 non
1626 2443 1725 2500 omnia

111 2533 579 2593 ritimareoensetahhlexandria
587 2533 623 2592 ad
631 2531 742 2592 Uticam
752 2531 896 2613 [gr-127).
937 2531 1008 2590 lihn'
1024 2533 1095 2590 vitia
1105 2531 1140 2590 ad
1155 2552 1220 2591 eum
1243 2532 1355 2604 refero,
1367 2535 1477 2612 quippe
1493 2555 1619 2613 quorum
1635 2536 1721 2595 multa

113 2631 189 2686 llinc
210 2648 278 2705 quaa
297 2642 367 2688 sunt
385 2648 478 2707 usque
498 2626 535 2686 ad
557 2630 660 2687 fictum
677 2627 852 2687 Gaditanum
870 2639 899 2686 et
937 2627 1011 2687 adeo
1036 2642 1104 2688 sunt
1123 2627 1250 2687 barbara
1264 2630 1310 2708 (Ἰ,
1343 2643 1375 2688 ut
1393 2631 1492 2689 seculo
1513 2631 1644 2707 decimo,
1664 2653 1724 2710 quo

111 2745 177 2800 quac
190 2725 328 2802 deinceps
354 2725 386 2782 in
401 2725 530 2782 Asiatico
545 2723 630 2782 litore
652 2721 848 2800 sequebantur
861 2720 898 2780 ab
938 2726 1065 2804 scriptus
1087 2725 1179 2784 codex
1202 2739 1263 2797 est,
1291 2726 1441 2784 nonnisia
1460 2724 1583 2784 librario
1602 2747 1724 2804 prorsus

110 2820 333 2881 Alexandriaad
343 2820 452 2879 Carnus
461 2820 631 2892 Phoenicia,
641 2839 676 2879 ea
686 2819 785 2879 omnia
796 2819 896 2893 unius,
937 2821 1004 2880 rudi
1017 2823 1131 2881 exarari
1146 2825 1302 2901 potuerint.
1317 2821 1441 2899 lllajoris
1452 2821 1592 2881 momenti
1602 2823 1724 2900 questio

112 2931 145 2975 ut
158 2918 287 2989 ridetur,
304 2916 368 2974 folii
378 2916 493 2994 jactura
505 2917 537 2973 in
553 2916 654 2975 codice
667 2916 767 2993 aliquo
779 2913 896 2974 absum·
937 2930 981 2975 cst
997 2917 1033 2975 de
1046 2930 1127 2975 aetate
1142 2917 1264 2975 fontium
1283 2935 1318 2974 ex
1336 2916 1444 2995 quibus
1459 2917 1630 2997 opusculum
1643 2918 1689 2976 vel
1706 2938 1723 2976 a

111 3018 157 3073 sit.
166 3013 283 3071 Servata
297 3031 366 3091 pars
377 3012 467 3069 altera
475 3012 790 3089 praeternavigationem
805 3010 896 3081 Asia,
937 3012 1099 3091 Byzantino
1114 3014 1255 3072 monacho
1272 3012 1317 3073 vel
1335 3027 1401 3073 ante
1412 3032 1477 3073 eum
1491 3012 1528 3075 ab
1540 3015 1599 3072 alio
1617 3016 1723 3073 confla-

111 3110 212 3169 multis
222 3110 340 3169 insertis
353 3108 473 3186 diaplis,
484 3107 596 3186 praebet
609 3106 740 3166 aCarnis
752 3127 845 3185 usque
859 3108 895 3166 ad
938 3120 998 3166 tum
1013 3109 1060 3167 sit.
1082 3108 1224 3167 Nimirum
1241 3129 1299 3167 non
1314 3128 1350 3166 ex
1364 3128 1424 3167 uno
1437 3110 1598 3187 eodemque
1615 3110 1724 3169 ceteris

110 3203 254 3262 lliletum.
278 3204 330 3263 llis
349 3202 477 3281 denique
488 3202 613 3280 abrupte
638 3216 743 3280 praeter
762 3202 896 3260 ordinem
937 3204 1063 3282 alicujus
1077 3206 1230 3283 scriptoris
1242 3204 1359 3283 periplo
1375 3224 1408 3265 ea
1422 3226 1487 3283 quac
1507 3226 1585 3264 nunc
1600 3206 1723 3281 legimus

110 3298 309 3375 subjiciuntur
324 3298 417 3377 Cypri
431 3310 461 3356 et
480 3296 571 3354 Cretae
592 3298 755 3355 insularum
775 3298 895 3375 peripli,
936 3312 1158 3377 promanarunt.
1178 3303 1219 3357 Ac
1239 3300 1368 3377 primum
1388 3300 1505 3377 quidem
1525 3300 1595 3359 duas
1616 3301 1724 3359 distin-

110 3414 186 3470 quos
200 3394 314 3452 tertiam
335 3394 561 3469 fragmentorum
579 3405 689 3471 partem
704 3392 802 3452 dicere
816 3392 893 3453 licet.
935 3392 1065 3470 gnendas
1076 3392 1187 3453 dixeris
1204 3406 1300 3473 partes
1319 3394 1497 3453 narrationis
1510 3395 1609 3453 indole
1620 3394 1722 3473 dispa-

109 3488 198 3547 l'ides
224 3490 352 3567 plurima
381 3488 544 3560 interiisse3
575 3487 649 3547 adde
676 3488 755 3566 quod
775 3502 897 3547 servatae
934 3508 990 3548 res.
1005 3488 1134 3558 Quarum
1151 3488 1240 3547 altera
1255 3490 1282 3566 (S
1300 3490 1458 3565 ras-296),
1474 3489 1550 3547 tstae
1564 3488 1601 3548 ab
1610 3490 1722 3567 Oronte

109 3584 262 3660 particulae
281 3584 394 3642 lacunis
418 3582 508 3641 modo
521 3596 621 3661 aperte
643 3582 793 3641 hiantibus
808 3582 895 3641 modo
934 3584 970 3643 ad
984 3582 1114 3643 Miletum
1129 3586 1278 3663 parap'lus,
1297 3583 1371 3643 nihil
1386 3585 1445 3642 fere
1459 3583 1569 3662 praehet
1582 3585 1639 3644 nisi
1656 3585 1724 3643 lito-

109 3678 184 3736 male
197 3679 281 3735 tectis
295 3697 348 3736 nec
361 3698 420 3737 non
435 3670 618 3753 singulorum
634 3677 723 3736 ferme
736 3676 894 3736 verborum
934 3700 992 3738 reae
1008 3680 1205 3755 navigationis
1222 3678 1429 3751 stadiasmum,
1446 3680 1477 3737 in
1492 3678 1615 3739 sinubus
1635 3682 1723 3738 etiam

109 3774 320 3851 depravatione
333 3772 479 3831 laborant.
935 3775 1174 3853 compendiorum
1198 3792 1348 3833 mensuras
1368 3786 1397 3831 et
1410 3786 1549 3852 praeterea
1561 3776 1723 3833 insularum

150 3871 220 3927 203.
232 3866 296 3925 Jam
309 3879 341 3926 ut
354 3866 483 3925 indolem
498 3868 596 3946 operis
609 3866 699 3925 laceri
714 3867 832 3944 quidem
845 3868 896 3927 sed
933 3870 1103 3940 distantias,
1119 3882 1176 3929 eta
1191 3868 1293 3927 llhodo
1310 3880 1337 3927 et
1352 3868 1424 3927 Delo
1438 3868 1473 3926 ad
1485 3870 1572 3927 urbes
1587 3868 1722 3929 nobilio—

108 3963 316 4040 pretiosissimi
331 3982 525 4041 exponamus,
541 3962 765 4040 progrediamur
778 3962 894 4034 alibro,
935 3985 981 4025 res
998 3966 1145 4044 trajectus,
1168 3965 1254 4024 sicuti
1266 3963 1303 4022 ab
1322 3964 1392 4023 Asia
1409 3983 1461 4043 per
1473 3964 1583 4023 insulas
1593 3964 1624 4022 in
1639 3964 1723 4021 Graa-

109 4056 194 4133 cujus
209 4058 240 4113 in
254 4056 355 4115 codice
367 4076 434 4134 pars
446 4068 499 4115 est.
514 4056 626 4115 Etenim
641 4057 733 4115 codex
747 4057 894 4117 blaniten·
935 4064 1010 4120 ciam
1027 4062 1161 4141 diaplos;
1176 4062 1268 4121 altera
1285 4074 1378 4119 autem
1395 4081 1482 4139 pars,
1493 4082 1558 4143 quae
1578 4062 1614 4119 de
1629 4060 1722 4137 Libya

109 4154 150 4209 sis
162 4150 217 4230 (de
231 4172 291 4229 quo
310 4172 341 4208 r.
360 4165 418 4210 not.
430 4170 460 4229 p.
484 4160 541 4224 ‘³²7
556 4150 568 4229 )
581 4164 646 4229 post
668 4151 824 4229 Nicephori
844 4172 895 4231 pa·
935 4170 964 4215 et
979 4158 1167 4216 Phoeniciaet
1180 4156 1267 4233 Syria
1279 4156 1415 4232 usquead
1432 4156 1569 4213 Orontem
1586 4156 1612 4233 (S
1626 4156 1721 4231 1-148)

108 4246 245 4304 triarchas
253 4246 307 4324 Cp.
316 4245 586 4324 chronographiam
594 4244 681 4304 hahet
691 4247 793 4304 incerti
801 4260 897 4305 aucto·
935 4268 964 4313 et
986 4255 1022 4312 de
1038 4253 1138 4333 Cypro
1155 4252 1298 4329 Cretaque
1319 4251 1424 4311 insulis
1440 4250 1468 4331 (§
1484 4248 1627 4329 297-335)
1649 4250 1721 4324 agit,

110 4346 151 4403 ris
161 4345 362 4412 narrationem
372 4342 410 4401 de
421 4342 492 4401 orbe
502 4356 644 4401 terrarum
656 4344 733 4401 inter
741 4343 810 4401 Noae
820 4345 897 4403 filios
937 4370 996 4407 non
1011 4350 1105 4407 solum
1122 4349 1240 4407 nomina
1258 4348 1390 4405 locorum
1406 4358 1435 4403 et
1452 4345 1604 4403 distantias
1618 4343 1722 4416 habet,

108 4438 269 4497 distributo
300 4450 331 4496 et
364 4437 470 4496 deinde
500 4437 670 4496 laterculum
701 4440 895 4498 maximorum
937 4444 989 4503 sed
1002 4444 1179 4522 inpturimis
1190 4443 1277 4501 eriam
1290 4440 1423 4501 doctrina
1437 4440 1551 4498 nautica
1564 4440 1723 4515 navigatio·

109 4536 252 4594 montium
276 4534 430 4593 duodecim
457 4534 673 4610 fluviorumque
691 4536 892 4611 quadraginta.
936 4540 1133 4599 nisrationem
1143 4538 1281 4610 illustrat,
1292 4549 1325 4596 ut
1334 4538 1365 4596 in
1374 4538 1420 4596 his
1430 4550 1530 4595 auctor
1539 4550 1638 4595 noster
1648 4556 1722 4614 opus

107 4630 225 4699 Quibus
249 4628 402 4701 absolutis,
436 4630 565 4707 scriptor
598 4631 743 4706 quendam
768 4632 799 4688 in
823 4629 894 4690 lesu
938 4634 1057 4713 aliquod
1068 4636 1098 4692 in
1114 4635 1291 4714 peculiarem
1306 4646 1457 4692 nautarum
1475 4650 1560 4691 usum
1575 4634 1722 4710 composi·

107 4725 227 4783 Christo
257 4726 374 4795 fratrem
396 4724 567 4801 alloquens,
593 4724 640 4781 cui
660 4724 892 4783 lucubrationem
938 4743 1000 4787 tum
1019 4728 1187 4789 adhibuisse
1207 4726 1321 4786 debeat.
1349 4725 1434 4787 Credi
1459 4746 1528 4786 sane
1545 4729 1638 4805 possit
1661 4727 1723 4785 haec

108 4841 190 4878 suam
210 4838 392 4899 nuncupasse
405 4820 535 4893 videtur,
558 4820 634 4878 velle
654 4838 717 4879 sese
739 4822 894 4899 profitetur
938 4844 973 4883 ex
982 4825 1083 4883 eodem
1105 4824 1183 4882 fonte
1198 4822 1316 4883 fluxisse
1329 4821 1407 4881 unde
1421 4822 1535 4899 reliqua
1548 4822 1633 4880 ducta
1646 4822 1721 4893 sint,

109 4918 146 4975 iis
158 4938 224 4995 quae
236 4917 323 4975 modo
336 4917 521 4995 exposuisset
532 4916 709 4995 subjungere
719 4916 816 4994 hlagni
833 4938 893 4977 ma·
938 4919 1193 4977 narrationisvero
1203 4917 1428 4996 discrepantiam
1439 4916 1476 4976 ah
1486 4916 1665 4995 excerptoris
1674 4918 1721 4974 vel

109 5014 151 5069 ris
161 5011 308 5091 periplum
325 5012 399 5070 etde
412 5011 519 5071 insulis
529 5013 662 5070 notitiam
673 5014 796 5075 variam.
812 5014 894 5074 Dixit
937 5014 1053 5107 librarii
1064 5012 1188 5091 alicujus
1198 5010 1322 5072 arbitrio
1331 5004 1723 5091 repetendamesse,'quippe

139 5178 172 5236 Γ)
184 5176 328 5239 tlrrjrramodi
342 5180 379 5227 est
390 5178 454 5239 qnod
464 5179 513 5227 ἀπὸ
530 5180 665 5240 praumato
676 5181 736 5230 locis
755 5182 865 5244 plurimis
874 5184 1012 5233 accusativo
1030 5182 1146 5244 pingitur.
1159 5186 1245 5233 Forma
1257 5184 1348 5234 novitia
1360 5186 1460 5247 μελανὸν
1472 5186 1542 5246 (pag.
1555 5188 1609 5243 450,
1621 5192 1628 5233 1
1643 5184 1651 5245 l
1664 5198 1721 5234 num

108 5248 273 5298 adauctoreua
288 5248 448 5310 Byzantiuum
457 5261 487 5297 au
502 5248 533 5297 ad
547 5252 648 5301 scribam
660 5252 741 5319 reterri
752 5253 838 5304 debeat
850 5268 936 5318 quarum
951 5256 1033 5318 liquet.
1046 5256 1112 5307 tdem
1129 5256 1192 5306 valet
1203 5256 1234 5306 dc
1247 5255 1354 5307 locorum
1366 5255 1503 5309 nominibus
1512 5255 1656 5320 depravatis.
