3775 5750
72 361 207 439 pm,
647 360 830 421 eruimus
852 362 973 425 niuis
995 366 1215 428 corruam.
1582 444 1589 451 ¹
1663 388 1720 438 τεο

99 492 193 561 δόσιν,
219 488 452 566 ἐμπεριλαμόοίνον
473 487 550 545 αὐτὸν
573 490 616 545 τὸν
634 490 731 549 κόλπον
752 492 890 569 λεγόμενον
936 501 969 553 ad
981 504 1128 567 meridiem,
1141 503 1255 576 denique
1273 524 1394 561 occasum
1406 527 1496 563 versus
1514 512 1618 565 llectens
1631 516 1720 568 sinum

101 580 245 659 Ιλαρσίκην,
258 577 350 645 νήσους
364 574 431 634 ίπτίι
447 577 713 656 ἐμπεριειλημμίνον,
728 570 758 637 οὗ
769 582 829 658 περὶ
844 580 891 655 μὲν
935 588 1049 641 Βετοοειι
1058 590 1170 655 dictum,
1183 602 1336 664 septemque
1346 596 1443 649 insulas
1455 599 1720 669 comprehendentem

99 667 149 733 rite
162 663 246 745 ἀρχὰς
261 666 284 721 οἱ
298 662 480 743 περιπεσόντες
492 664 578 740 ὀλίγον
594 664 679 723 ὀπίσω
691 666 736 723 καί
750 668 786 733 εἰς
800 667 829 724 τό
841 667 887 725 πί·
936 676 1109 745 amplectitur.
1149 677 1214 747 Ejus
1233 680 1307 731 sinus
1327 682 1354 732 in
1372 684 1533 755 principium
1551 687 1573 737 si
1587 688 1633 757 qui
1656 689 1721 741 inci·

98 758 183 832 λαγός
196 750 388 831 ἀναδραμόντες
408 750 593 828 ἐκφεύγουσιν,
611 756 634 811 οἱ
649 752 675 811 δὲ
691 756 726 820 ιίς
746 754 828 825 αὐτὴν
842 779 890 813 κα·
935 759 1013 823 dunt,
1028 762 1110 815 modo
1122 764 1267 834 paullulum
1282 777 1354 820 retro
1368 768 1396 821 in
1414 769 1495 823 altum
1509 771 1643 837 recedant,
1658 774 1721 827 salvi

72 867 85 902 s
101 839 301 905 restrictiva<
310 837 358 909 τὴν
369 843 415 896 τοῦ
427 842 551 916 Βαράκου
564 839 667 897 κοιλίαν
678 841 847 901 ἀπόλλυνται·
861 842 891 901 τό
935 848 1065 912 eradunt;
1078 851 1119 901 sin
1133 850 1161 901 in
1174 851 1259 921 ipsum
1272 854 1376 907 Barncae
1389 866 1508 909 ventrem
1519 858 1573 909 sive
1585 876 1716 912 ηοοοςοοο

100 930 150 1005 μὲν
164 930 215 1007 γὰρ
231 933 303 1003 κῦμα
319 925 444 1004 μέγακαὶ
461 926 529 1005 βαρὺ
546 925 649 999 λίσν,ἡ
665 928 692 986 δὲ
707 929 827 987 θάλασσα
841 953 890 988 τοι·
936 932 1116 1000 includuntur,
1129 936 1295 1007 pereundum
1305 950 1359 1002 est;
1377 941 1473 1007 fluctus
1486 944 1557 995 enim
1566 944 1673 1015 grandis
1684 946 1721 999 ibi
1777 943 1824 1004 ἴοι·

100 1016 225 1095 ραχώδης
232 1014 277 1072 καί
287 1012 380 1091 θολερὰ
391 1014 437 1071 καί
449 1013 520 1080 δίνας
528 1013 625 1093 ἔχουσα
635 1014 680 1073 καί
694 1016 798 1097 ῥοώδεις
810 1016 890 1096 είλίγ-
935 1028 961 1071 et
974 1020 1233 1088 vehementissimus,
1250 1043 1322 1077 mare
1342 1037 1429 1079 autem
1443 1030 1618 1093 concitatum,
1637 1032 1721 1085 turbi-

100 1128 172 1181 γους.
214 1103 248 1163 Ὁ
263 1100 290 1161 δί
306 1102 381 1180 βυθός
402 1100 428 1159 ἔν
449 1126 502 1160 τισι
524 1102 571 1179 μὲν
589 1103 722 1170 ἄπόκοπος
743 1103 771 1163 tv
792 1129 844 1164 τισι
863 1104 890 1165 δὲ
935 1106 1260 1182 dum,gyrisrapidisquc
1278 1114 1421 1167 vorticibus
1438 1114 1572 1170 infestum.
1609 1118 1722 1174 Prosun-

101 1192 239 1272 πετρώδης
250 1189 295 1248 καλ
308 1188 448 1267 ἀπόξυρος,
461 1188 529 1249 ὥστε
542 1188 683 1267 τέμνεσθαι
697 1190 743 1259 rit<
757 1216 887 1272 παροκει-
935 1191 1001 1247 dum
1019 1196 1099 1249 maris
1113 1196 1169 1249 eliis
1188 1198 1215 1249 in
1228 1197 1291 1250 locis
1302 1210 1476 1271 praeruptum,
1490 1202 1547 1255 aliis
1559 1221 1682 1258 saxosum
1694 1218 1722 1259 et

57 1296 87 1332 ιο
105 1280 189 1355 μένας
207 1278 322 1357 ἀγκύρας
336 1276 493 1356 διαταχέων
509 1278 744 1353 ἀποκοπτομίνας,
759 1279 789 1346 ἃς
803 1278 830 1339 δὲ
845 1280 890 1339 καὶ
934 1291 1051 1346 acutum,
1063 1281 1131 1335 ²d00
1144 1293 1175 1335 ¹¹1
1187 1282 1306 1337 demisse?
1316 1302 1420 1339 tum
1433 1287 1472 1339 vel
1484 1287 1553 1341 illico
1563 1289 1720 1345 abscindan-

100 1366 305 1445 συντριὸομίνας
323 1367 348 1423 ἐν
368 1368 405 1443 τῷ
431 1369 510 1445 βυθῷ.
553 1369 669 1441 Σημείον
691 1367 714 1425 δ’
737 1370 822 1427 αὐτῶν
836 1378 889 1436 τοῖς
935 1376 980 1419 tur
997 1367 1038 1419 vel
1048 1368 1182 1439 paullatim
1200 1371 1227 1422 in
1240 1368 1375 1441 profundo
1393 1384 1573 1429 conterantur.
1609 1377 1720 1447 Signum

101 1455 156 1514 ἀπὸ
163 1455 293 1533 πελάγους
305 1453 454 1533 ἐρχομένοις
468 1456 492 1511 οἱ
503 1458 720 1535 προαπαντῶντες
732 1454 801 1535 όρεις
815 1458 891 1534 ὕπερ-
934 1454 1031 1508 horum
1053 1453 1171 1509 locorum
1191 1475 1224 1509 ex
1245 1458 1298 1511 alto
1316 1458 1532 1531 adnavigaotibus
1552 1477 1720 1519 occurentes

102 1544 219 1621 μεγέθεις
239 1543 284 1601 καλ
300 1544 418 1618 μέλανες·
439 1538 529 1622 ι’νγλρ
550 1549 603 1610 τοῖς
622 1542 690 1620 μετὰ
704 1548 789 1601 ταῦτα
803 1540 890 1610 τόποις
934 1552 996 1593 suot
1006 1553 1140 1613 serpentes
1149 1543 1260 1613 grandes
1270 1555 1297 1599 et
1310 1546 1398 1599 colore
1408 1548 1489 1617 αἱρεῖς
1502 1550 1529 1601 in
1541 1550 1573 1601 iis
1582 1552 1652 1603 enim
1661 1569 1720 1621 quae
1790 1568 1813 1574 ·’

100 1631 148 1688 καὶ
168 1638 221 1697 τοῖς
239 1630 305 1709 περὶ·
321 1628 463 1707 Βαρόγαζα
483 1630 631 1709 μικρότεροι
645 1629 689 1689 καί
710 1634 747 1709 τῷ
766 1628 889 1709 χρώματι
934 1629 1057 1701 delnoeps
1068 1642 1095 1684 et
1106 1632 1174 1685 circa
1187 1634 1316 1703 Barygaza
1325 1645 1387 1687 sunt
1398 1634 1460 1688 locis
1471 1637 1586 1690 minores
1595 1648 1620 1691 et
1631 1640 1718 1691 colore

53 1738 82 1775 ts
99 1718 201 1798 χλωροὶ
212 1716 258 1775 καί
268 1718 432 1796 χρυσίζοντις
447 1719 609 1778 ὑπαντῶσιν.
934 1718 1012 1770 viridi
1026 1737 1158 1789 aureoque
1170 1719 1238 1772 fiunt
1250 1720 1332 1774 obvii.

143 1826 178 1865 ιι.
203 1805 280 1865 llrrit
290 1803 317 1863 δί
330 1804 374 1862 τὸν
392 1803 516 1887 Βαράκην
532 1804 605 1870 εὐθύς
615 1808 684 1863 ἐστιν
700 1808 714 1862 ό
729 1806 889 1883 Βαρυγιίζων
969 1809 1012 1867 41·
1033 1806 1095 1858 Post
1106 1808 1219 1859 Bmoen
1231 1808 1318 1859 statim
1328 1810 1447 1878 sequitur
1456 1812 1634 1881 Barygazenos
1646 1814 1719 1865 sicus

100 1892 200 1959 κόλπος
214 1892 259 1950 χοὶ
278 1892 414 1969 principe<
430 1895 476 1962 τῆς
491 1891 613 1972 Ἆρςοχῆς
626 1890 729 1970 χώρας,
745 1894 791 1962 τῆς
808 1895 889 1967 Μομ-
934 1890 1047 1961 litusquc
1059 1892 1157 1944 λείποιο
1177 1894 1304 1962 regionis,
1320 1912 1379 1963 quat
1396 1897 1538 1949 Mambarae
1550 1900 1661 1967 regniet
1679 1910 1717 1953 to·

100 1978 186 2057 ὅᾶρου
208 1978 341 2057 βασιλείας
363 1978 434 2058 ἀρχὴ
457 1978 503 2037 καὶ
531 1982 576 2049 τῆς
599 1978 662 2051 ὅλης
684 1978 793 2051 Ἰνδικῆς
814 1970 888 2041 οῧοο,
935 1979 987 2029 tius
1000 1976 1082 2030 lodie
1095 1989 1134 2030 est
1153 1979 1268 2031 initium.
1305 1981 1368 2032 Pars
1382 1980 1438 2051 ejus
1453 1983 1642 2037 mediterranea
1657 1986 1721 2056 Scy·

97 2066 244 2137 Ταότηςτὰ
254 2063 301 2144 μὲν
311 2064 476 2145 μεσόγειατῇ
489 2066 588 2145 Σκυθία
601 2065 765 2147 συνορίζοντα
778 2065 887 2145 ’nepte
936 2066 1049 2135 tbiacque
1062 2067 1226 2119 contermina
1239 2078 1346 2120 vocatur
1369 2068 1465 2122 Aberia
1485 2071 1565 2137 (sive
1582 2071 1718 2142 Abiria),

96 2299 178 2367 porio
189 2299 271 2367 quaeri
286 2308 382 2369 potest,
393 2315 546 2368 nequecum
557 2299 698 2351 Mannerto
707 2300 821 2369 cogitare
831 2298 891 2353 lieet
932 2308 960 2351 at
973 2308 1193 2369 nonpraepostere
1204 2299 1344 2353 tollendus.
1356 2302 1479 2354 Ceterum
1495 2319 1579 2372 quum
1593 2303 1620 2353 in
1632 2300 1721 2370 lingua

96 2376 207 2428 deloco
224 2394 307 2448 prope
322 2380 463 2447 Asturapra
480 2378 541 2440 sito,
563 2376 638 2447 cujus
656 2380 756 2431 mentio
779 2376 809 2431 fir
821 2376 889 2431 inira
933 2386 1120 2429 emereretur
1138 2380 1266 2432 Guzerate
1276 2380 1390 2448 regionis
1401 2379 1440 2431 vel
1451 2389 1523 2432 certe
1530 2380 1612 2451 partis
1621 2381 1719 2434 mariti-

96 2455 209 2508 demum
221 2458 290 2523 §lm
302 2456 460 2526 Conmptam
472 2472 563 2508 vocem
578 2474 633 2507 usse
649 2456 689 2509 vel
702 2455 764 2509 inde
772 2456 887 2527 colligas,
934 2472 984 2509 ma
995 2473 1093 2509 nomen
1105 2458 1139 2510 sit
1150 2455 1252 2520 Lat'ca,
1265 2459 1293 2511 iu
1307 2475 1361 2528 quo
1376 2458 1531 2511 toerebrale
1541 2458 1642 2513 literam
1655 2478 1720 2513 rso·

97 2534 177 2605 quod
188 2552 220 2587 ex
235 2536 338 2605 vulgata
348 2533 460 2588 lectione
471 2535 540 2587 inter
553 2535 654 2587 Irinum
669 2546 696 2588 et
709 2538 824 2590 Bnraoen
835 2554 890 2591 non
934 2532 1099 2587 neredicunt
1109 2535 1119 2604 (
1131 2536 1166 2588 V.
1183 2534 1281 2606 Benley
1291 2536 1309 2587 l.
1327 2535 1344 2588 1.
1358 2553 1384 2607 p.
1400 2540 1455 2605 90)
1467 2553 1474 2588 t
1487 2536 1554 2589 benc
1566 2536 1662 2592 habere
1674 2537 1719 2603 τὴν

97 2614 315 2683 distingueretur.
334 2614 345 2683 ll
370 2643 407 2653 —
418 2630 444 2665 a.
458 2613 606 2684 Βαράκην
622 2616 632 2685 ]
646 2614 737 2667 Sinum
750 2615 782 2667 de
796 2616 890 2669 Cutsrlt
932 2610 1038 2683 Λαρικὴν
1056 2613 1189 2666 Ptolemaei
1210 2614 1373 2683 intelligitur.
1397 2612 1493 2685 ’λριακλ
1518 2617 1634 2668 nominis
1652 2620 1720 2670 rutio

95 2692 255 2746 Ptolomeus
278 2703 353 2746 vocat
369 2693 446 2745 tritt
464 2692 575 2758 κόλπους
590 2696 705 2747 Baracen
725 2696 813 2748 sinum
833 2713 887 2748 non
931 2690 1392 2763 Ιοῑοῐςιιιιιιιιιιοόὸολιινεολνεσλίιισ
1402 2692 1515 2763 conjecit
1527 2691 1637 2763 ’λριακὴν
1648 2712 1719 2749 sans·

95 2773 185 2836 norit,
201 2771 246 2824 sed
258 2772 367 2825 insulam
379 2790 438 2842 quae
454 2788 550 2825 nornen
564 2772 589 2825 ei
603 2771 706 2825 dedisse
715 2770 830 2838 videtur,
842 2775 889 2827 Ba·
931 2772 991 2825 crit.
1002 2789 1058 2825 esse
1073 2789 1145 2835 arsa,
1165 2773 1184 2823 i.
1198 2790 1222 2825 e.
1239 2783 1344 2835 terram,
1358 2772 1440 2843 idque
1459 2772 1561 2826 dictum
1579 2791 1630 2845 pro
1651 2786 1719 2828 term

95 2850 178 2920 ράκηυ
188 2852 198 2919 (
210 2853 273 2904 ιιιο
285 2851 355 2920 long.
369 2850 707 2924 18⁰lat.‚).1nsutaet>eripti
719 2851 888 2907 indenll'oa-
931 2849 1068 2914 Indorum,
1079 2867 1134 2921 quo
1142 2848 1347 2921 distingueretur
1363 2850 1504 2922 aScytbia‚
1518 2850 1546 2905 id
1555 2870 1590 2906 ne
1598 2854 1653 2925 ipse
1662 2856 1720 2926 qui-

95 2933 324 2996 Nagurocoesum
338 2947 428 2983 uersus
443 2947 525 3000 usque
535 2929 569 2983 ad
579 2940 727 2985 extremum
739 2933 826 2985 sinum
835 2951 888 2986 orae
930 2929 993 2983 dem
1002 2929 1153 2984 crediderit.
1168 2932 1287 2984 Fortasse
1299 2930 1396 3002 Peripli
1405 2932 1568 3002 temporibus
1576 2943 1719 3003 utrumque

94 3008 227 3078 adjacent.
246 3011 369 3062 (etenim
384 3010 471 3062 nescio
486 3026 519 3062 an
534 3009 645 3079 Βαράκου
656 3009 738 3062 κοιλία
750 3009 887 3065 referenda
930 3025 1041 3078 reguum
1055 3011 1084 3062 in
1094 3027 1179 3062 unum
1190 3009 1332 3062 conflatum
1342 3021 1419 3075 στοις
1434 3011 1717 3077 oertePaetbunartrbs,

96 3089 265 3158 potissimum
281 3089 316 3141 sit
340 3087 373 3140 ad
392 3087 550 3159 paludosum
573 3089 653 3140 maris
678 3107 817 3154 recessum,
841 3093 887 3161 qui
931 3090 1037 3142 Aristus
1050 3090 1173 3160 regiaap.
1187 3089 1366 3153 Ptolemaeum,
1380 3091 1407 3141 in
1424 3090 1528 3160 Periplo
1544 3093 1651 3144 nonnisi
1662 3102 1718 3145 ton·

96 3169 291 3220 extremitatem
304 3167 439 3220 hodiernae
450 3171 579 3220 Guzerate
592 3177 760 3220 tantumnon
776 3169 886 3223 insulam
930 3183 1010 3236 quam
1028 3169 1178 3238 emporium
1197 3177 1369 3220 memoratur.
1386 3168 1431 3221 Sin
1451 3169 1549 3232 minus,
1567 3170 1717 3224 Noster-aut

95 3245 189 3298 efficit.
203 3245 214 3313 ΙΙ
228 3275 264 3286 -
278 3245 304 3298 5.
319 3246 347 3299 τό
358 3265 384 3298 τε
396 3245 444 3315 γὰρ
453 3245 536 3298 codex
543 3246 658 3310 ;emend.
670 3235 813 3300 Fabricius.
828 3249 839 3316 ΙΙ
851 3279 887 3290 -
930 3243 996 3298 duas
1009 3247 1128 3314 τορὶοιιοσ
1146 3248 1174 3298 in
1185 3263 1266 3298 unam
1277 3248 1416 3308 contraxit,
1438 3256 1483 3298 aut
1497 3247 1609 3300 Ariaoen
1624 3265 1715 3319 perpe-

95 3355 132 3365 -
147 3342 175 3392 7.
190 3323 378 3396 εἰλίγγσυς]
395 3324 482 3378 forsan
503 3324 628 3396 είλιγγαςς
649 3337 719 3379 certe
733 3324 843 3397 είλιγγος
853 3326 887 3380 de
930 3341 986 3377 ram
1001 3324 1068 3379 dixit
1081 3343 1140 3396 quae
1153 3327 1245 3378 larice
1255 3325 1371 3378 vocanda
1380 3336 1446 3378 erat.
1460 3330 1471 3395 ll
1485 3343 1572 3395 —17.
1584 3327 1717 3397 Μερόο-

94 3421 225 3474 aquarum
241 3406 339 3468 vortice
352 3415 507 3475 usurpatum
520 3404 603 3474 legere
616 3422 723 3458 menon
737 3407 855 3458 memini.
873 3409 882 3476 Η
931 3404 1202 3475 pou]1dnomeoex
1214 3405 1303 3457 Nostri
1313 3414 1401 3457 mente
1410 3423 1465 3457 esse
1477 3406 1544 3473 regis
1555 3404 1651 3470 Indici,
1662 3425 1716 3459 non

94 3513 132 3524 -
158 3499 202 3536 ιο.
226 3482 277 3534 διὰ
299 3485 429 3554 ταχέων
452 3483 748 3554 ἀποκοπτομένας]
775 3484 885 3556 ἀντέχειν
931 3501 993 3536 vero
1005 3483 1181 3554 ludoscythici
1198 3483 1360 3553 (utbenfey
1376 3484 1393 3537 Ι.
1409 3485 1426 3537 l.
1438 3484 1715 3538 etlasseant'tsclr.

95 3561 310 3632 ἀποαοντουμένας
326 3562 423 3626 codex;
447 3561 507 3615 licet
520 3563 598 3616 etiam
613 3580 619 3615 :
634 3561 658 3614 lt
684 3564 764 3633 τάχει.
785 3565 884 3618 Vocem
922 3559 1112 3627 fdundcdes
1129 3560 1374 3628 MorgenlondsIV,
1388 3579 1417 3633 p.
1437 3565 1487 3630 198
1502 3563 1717 3633 putarutrt)luee

95 3641 216 3694 ἀποκοντ.
229 3659 282 3693 em.
291 3639 491 3704 Schwanbeck.
502 3642 548 3710 qui
558 3659 608 3712 pro
620 3640 731 3711 ἀντέχειν
739 3642 850 3713 conjecit
859 3647 886 3706 ἃς
928 3640 1022 3692 clarius
1031 3651 1078 3693 est.
1091 3643 1184 3694 latere
1198 3658 1295 3694 nomen
1305 3640 1423 3694 indicum
1436 3639 1637 3694 Medullorum
1649 3641 1716 3709 (rex

95 3721 140 3790 μὲν
163 3719 199 3772 ob
219 3737 330 3790 sequens
348 3721 376 3782 ἃς
389 3720 427 3783 δὲς
443 3720 517 3791 quod
537 3723 713 3775 necessarium
731 3741 785 3775 non
804 3734 842 3776 est
859 3737 886 3778 et
928 3723 1051 3788 magnus)
1062 3721 1187 3792 suspicari
1195 3719 1339 3775 Kuelbium
1338 3723 1359 3850 χ
1367 3719 1474 3774 Leander
1487 3739 1514 3772 υ.
1533 3721 1559 3772 V
1558 3721 1718 3775 oellrrlwrdr

93 3798 224 3852 atmditis
235 3799 311 3868 longe
322 3797 428 3851 recedit.
444 3800 454 3867 ΙΙ
468 3829 504 3840 --
520 3801 593 3851 ιι.δ’
608 3799 686 3852 αὐτῶν
698 3819 735 3853 sc.
751 3807 799 3854 τῶν
812 3803 884 3854 δινῶυ
929 3798 956 3849 ιἰι
966 3799 1053 3865 Biogr.
1067 3801 1090 3862 1,
1103 3817 1130 3870 p.
1144 3800 1217 3866 236)
1235 3808 1323 3851 monet
1359 3797 1483 3854 abricius.
1497 3799 1716 3855 Scbwanbecltius

93 3880 135 3931 καὶ
148 3875 279 3949 εἰλίγγων.
296 3880 306 3946 ΙΙ
322 3907 358 3918 -
370 3883 411 3940 ιο,
428 3879 571 3949 Βαρόγαζαν
585 3879 678 3932 codex.
927 3893 954 3947 p.
972 3879 1021 3932 508
1037 3877 1142 3930 dubitat
1152 3895 1185 3930 an
1200 3879 1313 3946 genuine
1325 3879 1360 3930 sit
1376 3880 1491 3932 nominis
1504 3881 1644 3951 scriptura.
1656 3883 1716 3934 Ete-

128 3955 465 4027 ς41.1,ι7.ἢῆπειρος
486 3957 708 4028 τῆςἊριακῆς
727 3960 882 4031 χώρας]ἡ
927 3958 1011 4024 nims
1031 3957 1063 4009 52
1085 3967 1145 4027 post
1157 3959 1285 4028 Bsrygnm
1299 3968 1480 4011 memorentur
1502 3959 1590 4012 τοπικὰ
1612 3959 1716 4030 ἐμπόρια

92 4039 154 4107 πρὸς
164 4035 453 4107 Ἆροόικῆςχώραςιοά.,
461 4039 488 4089 in
496 4037 612 4108 quibust
621 4037 735 4106 πρὸςειτι.
743 4040 881 4092 Schwanb.
927 4035 989 4087 κατὰ
1002 4035 1032 4088 τδ
1049 4035 1103 4102 ἑξῆς
1123 4034 1252 4107 Ἀκαὸάρον
1266 4036 1398 4105 Σὸύππαρα
1412 4039 1422 4104 (
1443 4036 1585 4107 λκαόάρους
1597 4039 1715 4109 Οόππαρα

94 4121 147 4170 Pro
170 4115 292 4186 Ἀριυικῆς
304 4117 346 4168 alii
365 4114 483 4186 Ἆριακῆς,
498 4117 541 4169 εΙίἰ
556 4119 660 4187 Λαρικῆς
673 4118 721 4186 legi
734 4116 881 4172 voluerunt.
926 4114 986 4166 cod.
998 4119 1019 4181 )‚
1029 4115 1163 4178 Καλλίενα,
1173 4116 1334 4185 Μανδαγόρα,
1343 4114 1529 4185 Παλαιπάτμαι.
1539 4115 1638 4168 Eadem
1647 4135 1714 4187 prae-

92 4196 164 4249 lllud
178 4197 204 4248 in
215 4196 319 4266 Periplo
331 4195 440 4265 flagitari
454 4207 524 4248 recte
534 4195 656 4249 viderunt
665 4196 796 4260 stockim,
807 4198 882 4250 Hud-
925 4201 966 4244 tet·
978 4193 1130 4258 Gallienam,
1147 4194 1198 4246 alio
1212 4204 1299 4245 tamen
1316 4191 1421 4254 ordine,
1434 4192 1589 4245 Ptolemaeus
1609 4210 1716 4263 quoque

92 4276 289 4348 sonus‚Benley
299 4277 331 4347 (l.
340 4275 358 4328 l.
368 4293 394 4347 p.
407 4293 438 4345 9¹
450 4276 471 4347 )‚
484 4276 537 4328 alii.
548 4277 668 4329 Primum
677 4277 730 4330 buc
739 4275 800 4330 lacit
809 4279 881 4348 quod
925 4271 1013 4336 babet,
1026 4285 1053 4325 at
1064 4291 1119 4326 non
1133 4272 1211 4324 habet
1228 4271 1358 4340 λκαόάρου
1367 4289 1474 4323 nomen.
1489 4271 1609 4323 Fortasse
1623 4274 1712 4341 igitur,

92 4359 107 4420 §
120 4359 151 4417 il.
170 4365 290 4408 narretur
303 4355 331 4406 in
340 4357 452 4426 Oponcn
464 4373 544 4408 naves
554 4373 639 4408 merce
651 4367 756 4408 onustas
764 4356 881 4426 expediri
924 4351 1143 4404 Scbwanbeclrius
1150 4361 1235 4420 putat,
1245 4349 1273 4401 id
1280 4368 1334 4402 non
1341 4349 1516 4418 locisedregis
1524 4368 1589 4412 esse,
1597 4349 1714 4419 ejusdem

93 4431 140 4485 ἀπὸ
151 4437 196 4497 τῆς
208 4431 365 4504 ’λριαιιῆςκαλ
375 4435 540 4504 Βαρυγάζωνς
551 4433 647 4486 deinde
656 4438 671 4503 ς
680 4435 712 4493 tt
722 4437 829 4490 Muziris
838 4437 883 4487 llo·
923 4447 961 4482 sc.
979 4433 1024 4501 qui
1037 4429 1118 4482 modo
1129 4428 1266 4481 dicebatur
1274 4428 1411 4499 Μάμόαρος
1427 4445 1432 4480 ;
1448 4428 1514 4482 adeo
1527 4440 1557 4480 ut
1566 4429 1607 4481 rel
1617 4429 1714 4483 alteru·

92 4529 151 4564 rere
166 4511 264 4565 dicitur
281 4515 334 4574 τοῖς
351 4512 399 4566 ἀπὸ
411 4516 454 4580 τῆς
469 4511 577 4584 Ἀριακῆς
598 4513 631 4574 εἰς
649 4511 724 4579 αὐτὴν
740 4513 881 4584 ἐρχομένοις
924 4517 994 4561 trum
1004 4519 1169 4580 corruptum,
1179 4507 1219 4560 vel
1228 4525 1261 4560 er
1273 4517 1386 4578 utroque
1399 4525 1488 4560 verum
1502 4508 1536 4559 sit
1544 4507 1711 4563 eliciendum.

92 4591 199 4652 πλοίοις.
209 4593 276 4644 llinc
282 4593 400 4663 sequitur
407 4593 482 4646 istam
488 4593 599 4646 briacen
606 4609 637 4645 ex
645 4594 805 4663 periegeseos
812 4593 882 4645 ordi·
923 4591 1007 4640 Nimis
1018 4590 1074 4641 brec
1085 4607 1147 4658 vaga
1157 4599 1228 4641 sunt.
1238 4590 1361 4641 Ceterum
1369 4587 1537 4641 Ptolemaeum
1546 4598 1637 4640 nostro
1643 4590 1714 4642 Peri-

93 4687 125 4722 ne
139 4671 237 4726 alicubi
251 4672 365 4724 suoloco
375 4671 576 4726 memorandum
587 4671 681 4737 luisse,
696 4672 814 4742 adeoque
832 4691 879 4724 no·
922 4668 967 4737 plo
976 4685 1053 4720 usum
1063 4685 1118 4720 csse
1127 4667 1347 4720 Schwanbeclrius
1353 4677 1451 4730 censet,
1460 4667 1526 4718 nihil
1535 4677 1622 4720 tamen
1628 4669 1714 4723 attulit

93 4761 147 4803 stro
160 4751 219 4803 loco
230 4749 326 4804 debere
335 4753 438 4821 reponi.
452 4753 505 4819 Qui
518 4749 622 4820 Λαρικὴν
631 4751 658 4804 Ιτ.
673 4751 690 4803 Ι.
702 4751 780 4803 scribi
790 4751 880 4804 volunt
923 4746 995 4817 quod
1007 4749 1059 4799 vim
1071 4747 1165 4800 habeat
1174 4746 1359 4818 persuadendi,
1373 4747 1461 4798 omisit
1468 4763 1530 4799 vero
1541 4764 1600 4817 qua
1608 4758 1712 4801 contra-

94 4833 103 4894 (
117 4841 146 4882 ut
162 4832 309 4884 Vincentus
322 4841 348 4883 et
361 4833 515 4884 Mannertus
529 4834 549 4898 ),
567 4849 620 4883 non
634 4850 665 4884 ex
688 4831 790 4900 Periplo
803 4847 880 4898 argu-
923 4831 991 4882 rium
1003 4840 1155 4898 coarguant.
1167 4831 1222 4897 ΙΙ-
1232 4846 1274 4898 ¹9·
1286 4831 1329 4893 τῆς
1341 4826 1443 4887 Σκυθίας
1451 4827 1610 4896 συνορίζοντα
1619 4825 1713 4898 Ἰόηρίᾳ

94 4919 214 4963 mentum
228 4908 378 4973 adstruunt,
393 4907 439 4960 sed
462 4909 488 4960 in
504 4907 620 4960 medium
641 4907 779 4979 proiciunt
795 4908 879 4961 Ptole·
923 4909 1046 4971 καλεῖται,
1059 4907 1090 4960 τὰ
1108 4906 1295 4977 παραθαλάσσια
1312 4906 1340 4958 δὲ
1360 4905 1531 4975 Συνραστρηνή
1545 4905 1627 4958 codex
1636 4925 1644 4969 ;
1657 4923 1709 4958 em.

95 5003 202 5052 meeum,
217 4989 261 5058 qui
277 4989 361 5054 (Vll,
376 5003 387 5040 1
403 4987 412 5057 )
424 4988 567 5056 regionem,
589 4986 623 5039 dc
640 5005 692 5057 qua
709 4985 763 5057 jam
783 4988 877 5056 agitur,
923 4989 1054 5041 Mannert.
1068 4989 1104 5050 V,
1118 5003 1143 5050 t,
1155 5003 1183 5056 p.
1201 5003 1261 5055 171,
1275 4987 1326 5038 nisi
1339 4985 1413 5055 quod
1423 4986 1531 5037 retinuit
1545 4982 1647 5054 Ἰόηρία,
1661 5002 1712 5055 pro

96 5067 268 5118 Guzrrrrtcsc.
281 5067 444 5136 peninsulam
454 5076 479 5118 ct
491 5066 620 5136 Barygara
633 5077 658 5117 et
670 5064 824 5136 adjacentia,
837 5072 879 5132 τῆς
924 5083 978 5135 quo
991 5065 1146 5119 Ptolcmaeus
1162 5066 1224 5128 Vll,
1248 5081 1260 5115 ι
1277 5074 1346 5116 recte
1365 5063 1444 5125 babet
1460 5061 1566 5132 ’λὸιρίας
1582 5061 1656 5113 Indis
1672 5073 1711 5115 est

96 5146 199 5213 Λαρικῆς
215 5147 298 5215 χώρας
308 5163 363 5198 esse
377 5145 457 5209 dicit,
472 5156 532 5216 post
547 5161 626 5215 quam
648 5147 723 5214 ponit
743 5144 878 5198 meridiem
925 5145 1029 5197 Ablrtm
1048 5146 1110 5212 (V.
1124 5145 1220 5197 Lassen
1240 5146 1279 5195 Dc
1299 5143 1492 5214 pentapotamia
1511 5140 1602 5194 Indica
1620 5157 1647 5211 p.
1663 5147 1707 5195 26.
1788 5174 1792 5182 ι

97 5237 184 5276 sersus
196 5221 240 5288 τὴν
256 5221 372 5294 λριακιίιι.
389 5223 526 5276 Notorrlus
538 5224 581 5277 liic
591 5235 728 5277 auctorum
737 5223 879 5288 dissensus,
925 5222 1021 5294 Bruley
1046 5224 1063 5275 l.
1083 5222 1101 5275 l.
1118 5239 1145 5293 p.
1159 5239 1188 5290 9¹
1204 5222 1226 5292 ),
1246 5222 1318 5289 regio
1330 5221 1400 5274 lluvii
1422 5221 1494 5273 ostiis
1513 5221 1607 5271 vicina.
1630 5220 1710 5290 Apud

201 5333 283 5369 CfflGlt.
295 5327 313 5365 l·
1209 5342 1214 5355 .
1579 5326 1602 5364 pp
