3775 5750
642 361 823 421 ΑΝΟΝΥΜΙ
847 361 1048 438 (tautam,
1071 362 1122 422 UT
1143 360 1317 439 aaaron)
1651 364 1788 438 (ss-sa.
1857 39 1872 414 l

170 493 301 566 ποταμοῦ.
345 491 391 556 Εἰς
405 489 433 551 δὲ
447 489 493 559 τὴν
508 491 577 549 θῖνα
589 488 687 559 ταύτην
700 492 747 549 οὐκ
762 490 830 548 ἔστιν
842 493 955 570 εὐχερῶς
1000 512 1147 574 portantur.
1184 504 1308 557 Ceterum
1323 504 1350 555 in
1368 503 1482 556 Thinem
1504 503 1638 572 regionem
1652 507 1793 574 pervenire

174 577 303 635 ἀπελθεῖν·
319 575 432 642 σπανίως
445 576 496 655 γὰρ
513 576 560 633 ἀπ’
575 579 654 646 αὐτῆς
675 577 741 644 τινὲς
762 581 791 636 οὐ
806 578 897 637 πολλοί
912 577 927 636 ί
943 613 955 622 -

172 678 275 735 χονται.
320 658 412 715 Κεῖται
434 655 461 712 δὲ
485 659 509 720 ὁ,
522 655 599 721 τόπος
619 655 663 713 ὑπ’
684 655 765 726 αὐτὴν
788 656 835 727 τὴν
859 601 955 737 pispir

174 743 285 823 άρκτον,
306 742 409 820 λέγεται
433 741 461 799 δέ
484 743 625 823 συνορίζειν
651 751 703 808 τοῖς
728 744 955 822 ἀπεστραμμένοις
1207 809 1212 821 Ι
1298 810 1304 821 ,
1439 809 1445 821 ¹
1560 810 1565 821 Ι
1671 811 1687 822 ..
1722 810 1728 819 Ι

146 863 160 900 ⁶
174 830 264 912 μέρεσι
282 836 329 888 τοῦ
350 829 451 889 Πόντου
465 829 510 888 ml
524 833 571 900 τῆς
592 829 713 896 Κασπγας
728 831 877 902 θαλάσσης,
897 833 956 890 καθ’
1001 825 1051 861 ntis
1065 827 1119 860 esse
1131 826 1227 861 aversis
1238 795 1356 879 partibus
1368 810 1446 861 Ponti
1461 818 1487 860 et
1501 827 1580 861 mans
1599 811 1705 881 Caspu,
1717 822 1793 880 Juxta

171 919 241 989 ἣνὴ
270 915 451 998 παρακειμένη
473 916 554 994 λίμνη
576 919 694 983 Μαιῶτις
717 921 752 984 εἰς
773 917 816 975 τὸν
841 919 955 977 ὠκεανὸν
1001 909 1073 980 q¹¹⁰d
1087 911 1300 963 ffi¹⁵ll³Mae0ll⁵
1319 909 1410 981 P⁸¹l¹⁸v
1433 928 1491 981 ‘lum
1514 912 1689 964 5¹¹0⁰⁰³¹¹¹²¹¹¹
1704 913 1793 965 “lim'‘

173 371 227 421 804

1000 603 1071 657 baud
1082 615 1122 656 est
1139 603 1226 668 lacile;
1242 623 1302 658 raro
1324 605 1387 658 inde
1408 605 1484 677 pauci
1503 604 1612 675 quidam
1633 605 1790 658 adveniunt.
1870 609 1873 696 γ

999 707 1072 757 Jacet
1086 705 1158 757 locus
1170 705 1220 758 sub
1237 706 1333 757 Ursam
1346 706 1487 770 minorem,
1500 703 1636 776 ferturque
1650 708 1794 758 contermi-
1873 724 1874 762 t

172 1010 416 1082 συναναστομοῦσα.

209 1116 245 1154 σο.
270 1097 336 1155 Κατ’
351 1093 406 1159 ἔτος
426 1089 453 1152 δέ
467 1091 642 1173 παραγίνεται
656 1093 699 1152 ἐπὶ
716 1091 762 1164 τὴν
775 1093 895 1174 συνορίαν
909 1098 956 1165 τῆς

170 1183 248 1249 Θινὸς
274 1183 344 1248 ἔθνος
358 1204 398 1254 τι,
419 1185 457 1261 τῷ
476 1181 523 1257 μὲν
539 1181 644 1258 σώματι
663 1180 768 1240 κολοόοί
790 1181 834 1239 καὶ
856 1181 955 1261 σρόδρα

135 1299 159 1337 to
170 1272 407 1350 πλατυπρόσωποι,
420 1269 529 1336 ἐννοίαις
543 1267 571 1328 δὲ
590 1271 694 1348 λῷστοι·
716 1268 808 1335 αὐτοὺς
824 1268 894 1347 [δὲ]
913 1269 957 1327 λέ-

170 1359 262 1437 γεσθαί
282 1357 386 1438 [φασι]
398 1357 539 1428 Σησάτας,
556 1355 716 1435 παρομοίοος
733 1359 887 1438 ἀνημέροις·
906 1380 956 1415 πα-

171 1447 320 1527 ραγίνονται
334 1446 381 1504 σὺν
393 1443 497 1524 γυναιξί
509 1445 554 1502 καί
573 1444 685 1516 τέκνοις,
704 1445 875 1523 βαστάζοντες
893 1468 956 1523 φορ-

170 1536 212 1592 τία
226 1534 329 1612 μεγάλα
342 1534 353 1612 [
364 1533 431 1611 καί]
444 1532 576 1612 ταρπόνας
595 1530 791 1609 ὠμαμττελίνοις
807 1535 955 1611 παραπλη-

170 1624 243 1693 σίας,
258 1613 305 1681 εἶτ’
328 1619 521 1696 ένεπιμίνουσιν
537 1619 581 1678 tat
594 1643 653 1677 τινα
668 1619 746 1678 τόπον
767 1623 814 1690 τῆς
836 1621 956 1697 συνορίας

133 1734 157 1772 ts
173 1714 258 1770 αὐτῶν
282 1709 328 1768 καί
347 1712 400 1767 τῶν
419 1707 464 1766 ἐπὶ
481 1713 527 1778 τῆς
549 1707 644 1778 Θινὸς,
665 1708 710 1766 καί
723 1708 888 1787 ἑορτάζουσιν
913 1707 957 1766 tat

171 1821 243 1863 τινας
256 1797 371 1876 ἡμέρας,
385 1794 600 1876 ὑποστρώσαντες
620 1798 720 1862 ἑαυτοῖς
738 1795 784 1862 τὰς
803 1794 955 1872 ταρπόνας,

67 1895 71 1902 ’
172 1885 219 1943 καί
245 1885 399 1965 ἀπαίρουσιν
420 1881 584 1949 clericidas
605 1886 641 1950 τίς
664 1882 723 1950 τοὺς
743 1881 884 1961 έσωτέρους
908 1906 956 1941 το-

171 1995 245 2040 πους.
288 1975 324 2033 Ol
349 1970 376 2030 δέ
403 1976 487 2030 ταῦτα
515 1969 662 2037 δοκεύοντες
687 1969 745 2029 τότε
768 1970 956 2048 παραγίνονται

171 2061 215 2118 ἐπὶ
242 2059 301 2126 τοὺς
318 2057 412 2126 τόπους
428 2057 474 2116 καὶ
493 2057 646 2134 συλλέγουσι
659 2055 693 2114 τὰ
705 2056 810 2115 ἐκείνων
822 2056 956 2136 ὑποστρώ-

131 2168 158 2205 ao
172 2172 256 2225 ματα,
270 2147 317 2206 καί
337 2145 508 2215 ἐξινιιίσαντες
522 2145 656 2223 καλάμους
667 2145 725 2211 τοὺς
741 2143 896 2223 λεγομένους
910 2144 957 2201 πέ-

171 2257 246 2315 τρους
256 2237 300 2295 tat
311 2235 406 2294 λεπτὸν
419 2233 642 2300 ίπιδιπλόισαντες
660 2233 693 2291 τί
707 2232 792 2313 φύλλα
810 2233 855 2290 καὶ
874 2254 956 2312 σραι-

173 2324 259 2402 ροειδῆ
269 2327 402 2387 ποιοῦντες
411 2321 534 2401 διείρουσι
543 2325 601 2388 ταῖς
612 2320 664 2378 άπὸ
674 2325 725 2379 τῶν
739 2319 868 2396 καλάμων
877 2318 955 2385 ίναις.

172 2408 277 2470 Γίνεται
290 2407 318 2467 δέ
329 2407 393 2486 γένη
413 2408 482 2487 τρία·
499 2410 528 2466 ἐκ
543 2407 591 2486 μὲν
610 2413 656 2467 τοῦ
677 2406 792 2486 μείζονος
809 2408 908 2487 ριἰλλου
925 2407 956 2464 τὸ

172 2496 345 2579 ἁδρόσιραιρον
365 2495 536 2576 μαλάὸαθρον
550 2496 706 2574 λεγόμενον,
726 2497 755 2554 ta
768 2494 795 2553 δὲ
806 2500 852 2553 τοῦ
867 2496 956 2553 ὑποδε-

174 2707 270 2778 3.ίνπ’]
286 2709 322 2761 ἐπ’
339 2707 433 2761 codex.
450 2712 513 2775 11-
528 2712 555 2760 6.
572 2708 717 2767 Μαιῶτις
736 2705 846 2767 είςτὸν
863 2705 957 2756 ὠκεα-

172 2786 219 2838 νὸν
233 2787 542 2856 συναναστομοῦσα]
555 2785 597 2838 Cf.
610 2784 710 2857 Plinius
729 2787 766 2848 11,
782 2802 815 2852 97
828 2783 862 2835 de
875 2786 956 2836 Maco-

172 2862 328 2935 tidepalude
343 2881 349 2915 :
362 2863 422 2916 Sioc
432 2881 462 2914 ea
470 2863 559 2916 oceani
568 2861 642 2915 simis
650 2875 699 2925 cst,
708 2873 738 2915 ut
747 2862 842 2917 multos
848 2862 957 2917 adwto

172 2942 326 3005 credidisse,
344 2942 401 2994 siue
416 2953 528 3007 angusto
540 2939 649 2993 discreti
662 2940 718 2993 situ
733 2941 902 3007 restagnatio.
912 2940 955 2993 Id.

171 3024 220 3089 VI,
238 3025 283 3087 13,
301 3022 433 3075 Plutarch.
449 3021 523 3074 Alex.
533 3039 557 3073 c.
570 3024 619 3085 41η
629 3021 736 3073 Curtius
743 3023 792 3086 VI,
804 3025 834 3086 [ις
845 3021 955 3091 Orphic.

171 3106 236 3172 Arg.
250 3104 316 3166 1045
330 3121 399 3173 sqq.;
412 3104 512 3154 Lucan.
524 3101 615 3156 Pltars.
628 3103 678 3165 ΙΙΙ,
691 3117 758 3171 277;
768 3102 865 3159 &neca
876 3104 955 3155 Here.

172 3181 224 3236 sur.
237 3183 304 3235 1328
312 3202 319 3246 ς
327 3180 529 3250 MaximusTyr.
539 3181 632 3233 XXVI
638 3190 664 3234 et
670 3181 784 3234 mn.
798 3185 810 3249 ΙΙ
820 3210 855 3220 -
863 3200 956 3251 μυρο-

171 3261 225 3331 δροΙ
244 3260 317 3326 cod.;
336 3279 389 3313 em.
404 3260 543 3312 Salmasius
559 3276 587 3329 p.
604 3260 665 3329 754.
691 3264 701 3330 ΙΙ
723 3290 759 3300 -
781 3276 822 3315 10.
835 3260 956 3313 πλατυ-

170 3341 348 3411 πρόσωποι,
364 3338 499 3401 ἐννοίαις
513 3337 545 3391 δὲ
559 3338 693 3410 λῷστοι]
709 3338 956 3409 πλατυπρόσωποιεν-

171 3438 214 3489 μοι
226 3418 258 3481 είς
268 3420 338 3481 τέλος
348 3439 375 3471 τε
389 3416 475 3479 αὐτους
485 3418 600 3488 λέγεσθαι
613 3418 642 3469 Σ.
656 3417 749 3470 codex.
761 3418 900 3471 Salmasius
909 3420 926 3471 l.
936 3419 954 3483 l,

171 3496 279 3551 dederat
295 3515 301 3550 :
316 3496 531 3568 πλατυπρὸσωποι,
549 3495 618 3567 σιμοί
632 3495 664 3557 εἰς
673 3495 751 3559 τέλος,
765 3495 885 3558 αὗτοὶιςὸὲ
898 3496 954 3567 λεγ.

170 3576 212 3642 Σ.,
230 3600 242 3626 ι
258 3594 352 3648 parum
363 3594 500 3647 prospere,
513 3593 575 3627 nam
588 3586 615 3627 et
627 3575 697 3646 σιμοί
711 3573 836 3645 junctura
851 3588 920 3629 caret
930 3587 957 3628 et

171 3656 362 3708 obscurumest
371 3653 404 3715 εἰς
417 3654 496 3719 τέλος,
505 3672 554 3707 nee
564 3654 707 3707 infinitivus
718 3655 798 3708 babet
809 3656 879 3708 uude
890 3674 955 3726 pen·

171 3734 240 3787 deot.
264 3735 398 3786 Sententia
418 3733 472 3785 lere
493 3735 578 3803 poscit
593 3752 599 3785 :
615 3734 719 3805 ὀνόματι
730 3736 756 3787 δέ
775 3754 847 3804 φασιν
870 3733 957 3796 αιίτοὶις

171 3812 286 3882 λέγεσθαι
297 3812 338 3864 vel
353 3810 455 3863 similia.
474 3837 484 3857 ι
504 3814 718 3865 Bnaauaanros.
733 3815 843 3865 Vossius
854 3813 887 3865 ad
899 3816 956 3866 llic·

170 3890 222 3943 lam
237 3893 286 3953 ΙΙΙ,
297 3909 312 3959 7
324 3888 393 3959 conj.
408 3906 414 3941 :
430 3889 743 3961 πλαπιπρόσωποι,ἑννεο“ι,
757 3890 789 3952 εἰς
798 3891 866 3952 τελος
875 3910 901 3943 τε
916 3890 957 3942 αιί-

171 3966 227 4028 τους
237 3966 293 4037 λεγ.
306 3967 425 4033 Βησάδας.
443 3965 524 4033 Quod
541 3985 590 4035 ego
605 3965 666 4019 dedi
685 3966 718 4019 ad
729 3968 823 4019 tradita
836 3970 956 4038 proxime

170 4045 293 4099 accedere
311 4044 458 4098 videbatur.
479 4045 519 4098 Cf.
541 4046 641 4098 Plinius
654 4047 703 4109 Vl,
723 4063 755 4099 αι
776 4052 865 4098 :Seres
879 4047 955 4099 mites

170 4124 274 4196 qtticlem
291 4123 337 4175 sed
353 4136 379 4175 ct
396 4122 449 4195 ipsi
457 4122 529 4192 seris
533 4123 682 4195 persimiles
699 4134 791 4176 cretum
800 4124 955 4196 reliquorum

170 4204 320 4257 mortalium
324 4202 445 4272 fugiunt,
453 4201 606 4255 commercia
614 4214 775 4275 exspectant.
786 4202 855 4256 Mela
861 4206 910 4269 III,
923 4223 954 4274 7:

169 4284 239 4333 Seres
245 4281 437 4352 geatoplcmtm
445 4281 568 4351 justitia,
581 4301 614 4334 ex
623 4281 791 4345 commerciis,
802 4282 873 4354 quod
880 4284 956 4337 rebus

171 4359 198 4413 ia
211 4360 353 4414 solitudine
364 4359 462 4413 relictis
473 4361 566 4414 absens
578 4362 695 4433 peragit,
706 4361 882 4416 notissimam.
897 4363 935 4431 Ση
943 4395 955 4406 -

169 4440 277 4511 odrae]
289 4443 350 4510 [eg.
362 4438 417 4493 vid.
432 4440 543 4505 Βησάτας
557 4440 597 4493 vel
611 4441 729 4507 Βησάδας.
744 4440 785 4495 Cf.
800 4442 954 4495 Ptolemaeus

169 4520 231 4583 Vll,
248 4536 271 4582 1,
294 4521 325 4571 15
342 4518 425 4571 :lllsll'
440 4519 482 4580 οὓς
494 4518 553 4589 ίιπὲρ
572 4519 614 4572 τόν
628 4520 770 4591 Μαίανδρον
784 4521 897 4587 Τιλάδαι,
910 4543 954 4576 κα-

169 4595 241 4647 λοῦσι
252 4596 278 4649 δὲ
291 4596 367 4658 οὕτως
377 4598 433 4658 τοίις
447 4598 578 4665 Βησείδας·
594 4597 641 4650 slol
656 4598 705 4670 γὰρ
718 4599 821 4653 κολοὸοὶ
836 4602 877 4654 καί
891 4601 954 4655 πλα-

170 4675 272 4735 τεῖςκαλ
292 4675 507 4747 πλατυπρόσωποι,
533 4678 618 4730 λευκοὶ
642 4679 725 4747 μέντοι
746 4679 789 4740 τὰς
806 4680 890 4750 χρόας.
910 4681 952 4735 Ιιί.

170 4756 185 4821 §
199 4770 230 4822 17
247 4770 254 4805 ι
274 4751 429 4824 Ὗπέρκειται
442 4757 611 4823 πλησιάζουσα
624 4759 677 4819 τοῖς
686 4758 861 4828 Βησυγγείταις
872 4763 882 4828 (
894 4761 952 4831 sic)

168 4831 276 4903 ἡΙρυσῆ
286 4834 367 4903 χώρα.
380 4834 509 4889 Palladius
527 4839 567 4889 De
578 4836 737 4890 Brachman.
756 4839 784 4889 io
797 4838 953 4893 Pseudocal-

169 4912 238 4965 listh.
252 4914 302 4976 tlt,
312 4916 338 4976 8,
347 4930 374 4982 p.
387 4916 434 4967 103
444 4933 484 4985 sq.
498 4932 504 4967 ι
515 4922 564 4969 τῶν
574 4916 733 4987 καλουμένων
744 4917 853 4969 Βισάόων
865 4924 913 4971 τῶν
924 4920 953 4972 τὸ

168 4994 250 5062 πέπερι
258 4992 414 5063 συναγόντων
422 4994 489 5059 κτλ,
498 4996 544 5047 ubi
554 4996 622 5048 vide.
635 4997 640 5063 ί
652 5028 688 5037 -
699 5013 740 5049 11.
751 5016 817 5067 παρ.
832 4997 887 5066 ἄνη
897 5020 915 5070 μ
924 5002 951 5070 .]

168 5076 344 5143 παρομοιοῠσιν
354 5072 453 5142 ἡμέραις
461 5075 534 5141 cod.;
546 5094 599 5128 em.
609 5078 756 5129 Salmasius.
771 5079 781 5144 ΙΙ
793 5109 828 5118 -
840 5096 881 5131 12.
895 5100 954 5152 ρορ-

169 5151 209 5202 τία
229 5151 327 5221 μεγάλα
342 5154 459 5224 τέρπονας
475 5154 659 5225 ὠμαμπελίνων
681 5157 839 5226 παραπλήσια
852 5159 952 5226 codem

169 5248 193 5297 φ.
210 5248 236 5299 μ.
252 5228 277 5281 έν
293 5234 422 5299 ταρπόναις
433 5234 616 5303 &papatibus
629 5235 786 5305 capitalicia
800 5237 953 5305 Salmasius,

1001 1013 1084 1066 ditur.

1036 1118 1080 1171 65.
1096 1119 1245 1187 Quotannis
1259 1126 1347 1172 autern
1356 1115 1390 1170 ad
1404 1115 1518 1170 confinia
1531 1116 1625 1170 'lirinis
1643 1135 1709 1187 geos
1721 1137 1793 1188 qua-

1001 1209 1061 1262 dam
1074 1227 1223 1263 commeare
1236 1208 1301 1263 solet
1318 1210 1457 1263 bominum
1476 1226 1588 1279 corpore
1600 1209 1711 1280 pusillo,
1727 1209 1794 1263 facie
1874 1275 1875 1278 γ

1001 1299 1146 1354 admodum
1160 1301 1222 1366 lata,
1236 1310 1326 1353 niente
1339 1310 1426 1352 tamen
1440 1300 1593 1362 mitissima,
1607 1317 1675 1370 quos
1693 1303 1795 1354 Sesatas
1875 1333 1876 1346 ι

1002 1393 1012 1458 (
1023 1390 1137 1444 Besadas
1150 1391 1159 1462 )
1174 1402 1278 1456 vocant,
1299 1390 1360 1443 ieris
1380 1390 1515 1444 assimiles.
1555 1391 1711 1444 adveniunt
1731 1411 1793 1446 cum

1001 1485 1128 1537 uxoribus
1146 1495 1172 1537 et
1190 1483 1287 1547 liberis,
1303 1501 1410 1552 magnas
1423 1494 1558 1555 portantes
1572 1486 1689 1538 sarcinas
1701 1497 1728 1539 et
1743 1489 1792 1538 sir-

1001 1593 1063 1646 peas
1075 1573 1166 1628 viridis
1180 1576 1239 1627 vitis
1249 1574 1317 1627 soliis
1329 1573 1526 1645 comparandas.
1566 1575 1670 1630 Deinde
1686 1577 1715 1630 in
1730 1596 1795 1631 eou-

1001 1667 1070 1720 finiis
1082 1685 1134 1720 suae
1147 1669 1263 1738 ipsorum
1278 1677 1305 1720 et
1322 1667 1416 1720 Thinis
1435 1667 1548 1736 regionis
1562 1669 1658 1721 alicubi
1672 1689 1794 1723 commo·

1001 1767 1088 1810 rantes
1096 1775 1145 1828 per
1153 1755 1208 1809 dies
1216 1756 1315 1827 aliquot
1325 1755 1473 1826 iostaagimt
1481 1757 1617 1810 substratis
1627 1759 1676 1810 sibi
1688 1762 1792 1830 sirpeis,

931 1883 939 1902 ι
1001 1847 1132 1901 etdeinde
1145 1849 1171 1899 in
1183 1847 1240 1900 loca
1255 1848 1380 1900 interiora
1389 1847 1422 1900 ad
1432 1866 1493 1900 suos
1504 1859 1683 1902 revertuntur.
1722 1853 1792 1903 Tum

1001 1959 1064 1994 vero
1077 1941 1170 1994 Thinis
1182 1940 1283 2005 incola,
1293 1939 1430 1993 observato
1443 1939 1547 1993 illorum
1561 1942 1688 2006 discessu,
1700 1961 1793 1996 accur·

1002 2040 1088 2084 rentes
1099 2040 1179 2082 strata
1192 2031 1240 2083 ista
1254 2029 1395 2099 colligunt,
1408 2040 1434 2082 et
1447 2048 1479 2082 ex
1493 2031 1607 2094 calamis,
1621 2049 1689 2101 quos
1703 2043 1793 2102 petros

1001 2121 1147 2192 appellant,
1167 2120 1254 2172 nervis
1269 2119 1394 2190 fibrisque
1407 2121 1538 2186 extractis,
1557 2132 1583 2173 et
1602 2121 1671 2174 loliis
1693 2123 1720 2175 in
1739 2125 1793 2191 glo·

1002 2209 1078 2262 bolos
1091 2209 1238 2263 convolutis
1249 2219 1276 2261 et
1284 2208 1454 2280 complicatis,
1469 2209 1629 2284 calamorum
1644 2211 1719 2264 libris
1732 2213 1792 2266 solia

1002 2299 1144 2369 trajiciunt.
1181 2299 1244 2351 Tria
1258 2309 1345 2351 autem
1355 2297 1423 2352 fiunt
1433 2317 1545 2368 genem
1560 2299 1634 2371 quod
1644 2321 1675 2354 ex
1692 2303 1792 2374 majore

1000 2396 1030 2449 iit
1037 2395 1109 2462 lolio,
1118 2394 1334 2466 badrosphaerum
1344 2395 1535 2448 malabathrum
1547 2397 1662 2462 dicitur;
1672 2400 1748 2470 quod
1759 2421 1791 2454 es

1000 2491 1143 2556 mediocri,
1165 2491 1383 2561 mesosphaerum
1405 2490 1478 2562 quod
1498 2511 1531 2545 ex
1557 2495 1676 2562 minore,
1694 2498 1791 2551 micro-
1879 2565 1880 2572 γ

1000 2703 1073 2773 quod
1085 2705 1138 2754 sive
1154 2711 1312 2755 structuram
1327 2701 1468 2754 verborum
1486 2703 1540 2755 sive
1554 2721 1659 2758 sensum
1678 2722 1790 2779 spectes,

1001 2781 1104 2835 admitti
1119 2783 1219 2851 nequit.
1238 2781 1349 2833 Vossius
1366 2779 1400 2833 ad
1419 2781 1516 2834 Melam
1530 2782 1549 2834 l.
1569 2782 1587 2834 l.
1602 2782 1673 2854 conj,
1690 2803 1697 2837 z
1713 2807 1739 2858 ρ.
1762 2811 1788 2859 μ.

1000 2861 1122 2930 πετρῶνάς
1131 2859 1152 2912 τ’
1164 2859 1348 2931 ὠμαμττελίνων
1358 2859 1537 2929 παραπλησίας.
1550 2883 1560 2909 ι
1571 2862 1706 2918 Dicuntur
1718 2886 1789 2933 vero,

1000 2940 1046 3003 ait,
1063 2944 1181 3009 πετρῶνες
1193 2956 1208 2991 a
1221 2939 1325 2991 calamis
1340 2938 1545 3003 malabatlrrinis,
1562 2959 1629 3010 quos
1642 2954 1733 3013 peusis
1746 2967 1791 2999 co.

1001 3019 1053 3070 cari
1077 3018 1176 3070 scribit.
1193 3021 1203 3087 ΙΙ
1221 3048 1257 3057 -
1275 3016 1316 3069 15.
1335 3024 1394 3070 τῶν
1416 3016 1484 3089 ἐπὶ]
1507 3024 1555 3071 τῶν
1575 3018 1622 3072 ὑπὸ
1641 3022 1703 3076 eod.
1730 3028 1740 3093 ΙΙ
1755 3058 1790 3067 .-

1003 3096 1044 3149 15.
1066 3095 1293 3168 inpedimenti]
1309 3096 1455 3166 ἁρπάζουσιν
1467 3096 1540 3163 cod.;
1555 3098 1727 3169 probabiliter
1736 3124 1788 3159 em.

1000 3177 1119 3230 Vossius.
1138 3178 1196 3244 ΙΙ-
1213 3179 1254 3230 18.
1275 3180 1373 3229 ταῦτα
1396 3178 1600 3249 δοκεόοντες]
1614 3197 1637 3230 τ.
1661 3181 1790 3247 δοκοῦντες

1000 3254 1097 3321 codcx;
1112 3256 1137 3307 οί
1154 3254 1180 3308 δὲ
1196 3256 1386 3325 καραδοκοῦντες
1402 3254 1472 3325 conj.
1495 3257 1643 3311 Salmasius.
1664 3261 1789 3316 fetarum

1001 3332 1113 3387 fabulam
1138 3346 1226 3387 narrat
1239 3344 1340 3387 auctor.
1365 3336 1494 3387 Venerint
1517 3335 1622 3389 Besadae
1641 3337 1676 3391 ad
1697 3342 1790 3397 vicina
1880 3364 1881 3369 ¹

1001 3414 1114 3483 regionis
1123 3412 1231 3476 limites,
1254 3422 1283 3465 ut
1301 3411 1492 3467 malobathrum
1511 3414 1664 3469 venderent.
1682 3421 1789 3492 Expan-

1000 3490 1098 3543 dcbant
1113 3492 1139 3543 in
1150 3489 1270 3544 confiniis
1287 3509 1399 3559 merees3
1413 3502 1470 3544 turn
1485 3492 1652 3559 reoedebant,
1665 3507 1694 3549 ut
1706 3512 1789 3552 emto-

1001 3588 1041 3621 res
1055 3572 1168 3641 pretium
1181 3582 1353 3641 apponerent,
1367 3582 1439 3624 muta
1450 3572 1498 3625 ista
1510 3576 1662 3627 commercii
1675 3580 1787 3643 ratione,

1000 3662 1080 3718 quam
1092 3661 1118 3701 et
1126 3648 1220 3702 illelal.
1236 3646 1255 3701 l.¹
1267 3649 1425 3716 subindicat,
1436 3662 1461 3704 et
1474 3651 1538 3705 alios
1549 3651 1620 3723 apud
1629 3658 1742 3726 populos
1753 3662 1789 3711 ri-

1001 3730 1085 3795 guisse
1097 3727 1163 3781 bene
1175 3739 1326 3781 notumest.
1341 3733 1351 3799 ll
1363 3728 1681 3796 -αο.έξινιάσαντες
1694 3737 1787 3809 κτλ]

1000 3808 1138 3860 Salmasius
1146 3825 1173 3877 p.
1186 3808 1237 3877 754
1250 3824 1256 3859 ε
1269 3830 1279 3857 ι
1293 3808 1470 3873 Dioscorides,
1479 3810 1525 3862 ubi
1535 3810 1569 3863 de
1579 3812 1744 3868 malobathro
1753 3817 1789 3869 lo-

1000 3888 1090 3956 quitur
1106 3903 1112 3939 :
1127 3887 1185 3955 όττερ
1200 3886 1360 3956 συλλέγοντες
1372 3888 1485 3957 διείρουσι
1506 3887 1602 3961 λίνῳ...
1615 3892 1736 3946 Isidorus
1754 3896 1788 3947 de

1000 3966 1093 4018 eodem
1105 3966 1266 4018 malobathro
1278 3983 1284 4018 :
1300 3966 1403 4019 Folium
1412 3967 1522 4032 dictum,
1534 3968 1606 4040 quod
1613 3970 1670 4023 sine
1681 3973 1737 4025 ullo
1748 3994 1789 4027 m·

999 4044 1056 4097 dice
1073 4044 1196 4097 innatans
1207 4044 1328 4097 inludia
1339 4045 1460 4099 litoribus
1471 4047 1615 4115 colligitur,
1635 4050 1689 4103 Iino
1696 4054 1788 4123 perso-

1000 4134 1086 4175 rntum
1095 4123 1197 4175 amcam
1206 4122 1269 4175 Indi
1278 4134 1356 4195 atquc
1365 4139 1500 4196 repommt.
1512 4130 1612 4181 Auctor
1621 4131 1719 4201 Peripli
1733 4152 1787 4185 non

999 4201 1053 4253 lino
1063 4202 1190 4272 perforari
1203 4220 1233 4255 ae
1242 4201 1324 4272 trajici
1334 4204 1435 4273 pillulas
1445 4205 1509 4270 illas,
1518 4225 1577 4276 quae
1586 4226 1618 4259 ex
1629 4208 1786 4265 malabathri

1000 4280 1067 4332 soliis
1079 4280 1314 4345 concionabantur,
1325 4280 1371 4333 sed
1383 4283 1445 4353 ipsis
1460 4286 1547 4336 nervis
1558 4287 1612 4339 sire
1624 4286 1698 4339 libris
1721 4290 1789 4344 cala·

999 4377 1103 4411 morum
1118 4362 1171 4412 sive
1189 4361 1322 4431 virgarum
1336 4360 1503 4429 malabathri5
1519 4364 1644 4435 καλάμους
1657 4368 1730 4421 enirn
1741 4390 1787 4423 ro-

998 4449 1040 4491 cat
1048 4440 1131 4509 virgas
1138 4440 1206 4509 ipsas
1213 4457 1243 4492 ac
1252 4440 1369 4492 surculos
1377 4442 1472 4511 quibus
1480 4443 1613 4497 herebant
1622 4445 1692 4499 lolia.
1704 4452 1786 4519 Atqui

998 4536 1030 4569 ex
1041 4519 1102 4588 ipsis
1116 4517 1183 4570 soliis
1196 4519 1274 4571 libras
1286 4520 1341 4573 illas
1359 4521 1413 4573 sive
1426 4541 1521 4575 nervos
1534 4522 1660 4577 desciant.
1675 4527 1734 4580 Hoc
1747 4530 1788 4583 ille

1000 4616 1073 4658 vocat
1086 4604 1220 4671 ἑξινιάζειν,
1236 4607 1287 4659 hoc
1300 4618 1338 4660 est
1352 4605 1408 4670 ἶνας
1421 4610 1567 4663 extrahere.
1582 4634 1594 4659 ν
1612 4612 1737 4668 Ceterum
1752 4618 1787 4671 de

1000 4684 1161 4738 malobathro
1180 4685 1413 4761 (tornamparte),
1427 4688 1499 4760 quod
1512 4690 1576 4743 olim
1587 4691 1655 4743 bete!
1665 4710 1723 4746 esse
1734 4715 1784 4767 pu-

999 4764 1099 4829 tabant,
1115 4782 1197 4835 quum
1210 4766 1243 4817 sit
1256 4765 1348 4819 lolium
1361 4768 1431 4821 lauri
1441 4769 1550 4831 cassim,
1567 4770 1698 4841 videque
1710 4787 1784 4827 notat
1880 4792 1881 4829 t

999 4846 1136 4897 Lassenius
1155 4844 1216 4897 lod.
1233 4848 1287 4903 ,tta
1301 4850 1323 4909 I,
1336 4866 1364 4917 p.
1376 4849 1427 4901 283
1437 4868 1477 4919 sq.
1490 4854 1502 4917 11
1513 4855 1600 4913 —ala
1616 4850 1785 4925 ἆδρόσραι.

999 4942 1066 4993 ρον,
1081 4926 1091 4995 ]
1109 4924 1215 4976 Salmas.
1229 4943 1255 4995 p.
1271 4930 1321 4993 754
1338 4943 1343 4978 :
1362 4952 1371 4973 ι
1389 4928 1542 4981 blalabatbri
1556 4930 1690 4984 ioliaolim
1710 4935 1736 4985 in
1747 4938 1786 5005 pi-

998 5002 1206 5055 lulasconvoluta
1216 5022 1311 5057 verium
1322 5006 1404 5071 ibant,
1415 5018 1441 5061 ct
1455 5008 1505 5061 bae
1514 5007 1598 5062 ior-ma
1608 5010 1635 5061 in
1648 5012 1783 5082 Europam

998 5079 1191 5135 adferebantur.
1204 5082 1270 5136 lude
1281 5085 1351 5156 apud
1365 5087 1508 5158 Didymum
1523 5104 1529 5140 :
1554 5087 1649 5158 φύλλου
1669 5090 1783 5159 palatii-
1880 5082 1881 5089 ¹

999 5160 1057 5231 θρον
1067 5163 1163 5231 σφαιρία
1172 5162 1251 5226 πέντε,
1263 5175 1286 5215 et
1300 5165 1359 5217 alibi
1370 5168 1480 5237 σφαιρίον
1489 5168 1536 5220 έν..
1550 5167 1650 5221 Plinius
1662 5170 1724 5233 xlt,
1737 5176 1782 5231 att,

999 5242 1044 5310 qui
1062 5239 1150 5293 lolium
1167 5240 1241 5293 nardi
1259 5244 1359 5313 putavit
1374 5263 1442 5311 csse,
1458 5263 1541 5316 qttum
1555 5247 1587 5299 sit
1605 5245 1775 5300 malabathri·
