3775 5750
468 357 518 416 DE
539 357 735 418 ATHENAEO
758 357 831 416 VEL
853 358 1021 418 luctatu
1046 359 1302 458 attitulasse..
1625 373 1683 418 trit

79 486 210 546 diximus
234 487 265 544 in
294 485 406 562 fragm.
438 486 507 542 llist.
527 500 597 545 tom.
624 486 663 556 ll,
687 508 714 564 p.
741 507 796 557 ²²7
819 506 863 562 sq.
908 492 1140 544 annotationibus.
1153 491 1316 545 Eacudebnt
1330 493 1367 547 Η.
1389 491 1545 564 Stephanus
1560 491 1685 566 (Paris).

80 579 225 639 Praeterea
252 581 288 638 ad
323 579 529 656 chronologica
562 581 763 638 attendendum
791 593 862 638 erat.
913 583 997 658 1589.
1014 585 1053 641 8⁰.
1069 583 1231 662 Stephanus
1246 603 1337 660 graeca
1359 597 1536 662 acceperata
1557 583 1689 642 hlatthaeo

79 677 148 732 Nam
176 696 268 752 qurrm
300 677 331 733 in
365 676 532 750 fragmentis
560 677 754 734 Demetriadis
782 674 865 733 urbis
909 677 1035 736 Buddaeo
1051 681 1101 756 (v.
1117 699 1204 757 supra
1216 699 1245 756 p.
1256 683 1337 757 xrn).
1348 680 1533 739 Desideratur
1544 683 1689 758 fragmen-

78 773 188 829 mentio
210 773 272 842 fiat,
299 783 327 829 et
349 771 465 830 duobus
489 771 563 830 locis
585 769 738 850 Posidippi
760 771 864 831 comici
909 785 969 830 tum
991 773 1149 832 iambicum
1163 775 1200 832 de
1214 775 1299 832 Creta
1312 789 1340 832 et
1353 775 1528 852 Cycladibus
1550 777 1690 854 Sporadi·

79 885 181 924 versus
195 865 333 938 citentur,
348 865 543 936 Dicaearchus,
558 866 722 924 Aristotelis
739 865 865 942 discipu·
908 865 1022 944 busque
1035 869 1150 926 insulis.

79 962 138 1031 lus,
159 962 273 1020 etiamsi
296 982 354 1019 non
368 946 439 1019 =ante
455 982 563 1020 annum
587 963 642 1033 347
660 975 757 1019 natum
771 980 863 1039 pona·
949 982 978 1020 a.
1002 962 1036 1018 ln
1052 963 1209 1021 lloeschelii
1221 964 1403 1042 Geograplris
1423 968 1494 1024 min.
1508 987 1538 1044 p.
1560 969 1613 1024 163
1627 989 1690 1046 sqq.

79 1077 157 1126 mus,
177 1059 296 1116 nonnisi
309 1077 396 1116 senex
410 1057 493 1116 urbis
508 1055 588 1115 illius
602 1070 630 1115 et
644 1057 748 1114 comici
763 1057 863 1114 memi·
909 1055 1046 1130 hrrgustae
1071 1056 1289 1116 vindelicorum
1318 1078 1364 1119 an.
1394 1063 1477 1118 1600.
1504 1064 1533 1122 8.
1556 1061 1690 1122 lloesclrel

81 1155 157 1210 nisse
182 1156 293 1230 potuit,
320 1168 348 1212 et
368 1173 404 1211 ne
422 1174 511 1213 senex
534 1155 663 1231 quidem,
689 1153 747 1211 nisi
766 1173 864 1212 sumas
908 1155 1020 1228 primus
1043 1152 1125 1210 dedit
1147 1153 1337 1232 fragmentum
1370 1156 1526 1215 iambicum
1548 1159 1585 1216 de
1607 1159 1691 1218 Creta

78 1248 232 1324 scripsisse
248 1268 314 1307 euin
330 1250 428 1327 paullo
448 1261 514 1327 post
534 1249 679 1307 conditam
701 1248 864 1305 Demetria—
908 1247 1071 1322 ceterisque
1083 1248 1195 1306 insulis.
1212 1249 1278 1305 llaec
1289 1249 1380 1307 editio
1395 1270 1493 1309 recusa
1508 1267 1569 1310 est:

78 1343 139 1399 dem
164 1357 193 1400 et
215 1364 318 1402 versus
337 1345 408 1403 istos
428 1365 444 1401 e
460 1345 564 1427 primis
581 1345 736 1423 Posidippi
759 1344 864 1404 fabulis
951 1344 977 1400 3.
991 1341 1026 1399 ln
1040 1342 1187 1400 Gronovii
1201 1345 1451 1421 'fhesauroantiq
1463 1369 1544 1422 graec.
1559 1351 1689 1422 toraxl,

79 1457 139 1494 esse
160 1439 280 1515 petitos.
309 1438 379 1496 Nam
403 1439 561 1496 Demetrias
583 1439 768 1497 condita-est
789 1441 864 1498 inter
909 1457 936 1515 p.
957 1460 966 1494 r
984 1458 1048 1515 sqq.
1061 1459 1106 1497 an.
1121 1443 1206 1516 1699.
1224 1442 1273 1501 fol.

78 1553 170 1591 annos
186 1536 340 1609 agi-2873
353 1535 531 1612 Posidippus
552 1554 630 1606 vero,
648 1535 765 1610 triginta
782 1534 863 1594 fabu·
950 1533 1159 1604 stationemi
1168 1536 1348 1613 Geographis
1357 1539 1429 1599 min.
1438 1540 1592 1620 tom.ll,p.
1603 1563 1688 1621 1sqq.

77 1630 170 1687 larum
181 1646 297 1702 auctor,
309 1631 413 1701 docere
423 1631 598 1708 coepitanno
607 1632 863 1709 289.lltquisnam
910 1651 956 1688 an.
977 1636 1064 1702 1703.
1085 1633 1111 1689 8.
1134 1632 1288 1690 lludsonus
1311 1634 1424 1712 primus
1442 1635 1534 1693 edidit
1549 1635 1691 1713 fragmen-

77 1725 237 1784 rrediderit
260 1725 473 1802 Dicaearchum,
504 1725 703 1786 doctissimum
726 1727 864 1802 gravissi-
910 1739 970 1782 tum
986 1725 1015 1785 ΙΙ
1037 1727 1073 1784 de
1091 1727 1174 1785 Pelio
1193 1742 1308 1800 monte,
1326 1730 1438 1806 quoda
1462 1731 1596 1792 Fabricio
1611 1755 1691 1794 acoe-

78 1839 216 1896 mumqne
234 1821 441 1900 philosophum
457 1836 485 1879 et
498 1821 681 1892 historicum,
692 1841 793 1879 canum
805 1823 863 1895 jam
909 1833 991 1896 perat
1017 1821 1101 1896 (vid.
1119 1835 1178 1879 not.
1194 1825 1242 1880 ad.
1258 1844 1286 1899 p.
1314 1825 1545 1895 107ed.n0strae
1562 1831 1581 1904 l.
1601 1831 1692 1888 Acre-

78 1927 174 1989 caput‚
193 1915 298 1972 comici
314 1929 404 1992 poetae
415 1917 465 1973 rix
479 1929 538 1973 tum
554 1917 762 1974 innotescentis
774 1916 864 1973 versi·
909 1916 952 1973 dit
964 1916 1105 1975 Dodwelli
1120 1918 1156 1976 de
1172 1920 1338 1977 Dicaearcho
1350 1921 1526 1982 dissertatio.

76 2009 150 2066 culis
163 2030 250 2068 usum
265 2031 339 2081 esse,
356 2027 387 2070 ut
405 2013 542 2089 probaret
558 2012 736 2070 Thessaliam
753 2025 863 2089 partem
952 2012 978 2067 5.
1015 2011 1049 2069 ln
1081 2013 1265 2072 Zosimadum
1295 2015 1405 2091 Geogr.
1447 2020 1518 2076 min.
1560 2034 1630 2080 tom.
1661 2023 1691 2098 Ι,

77 2123 138 2160 esse
151 2105 296 2162 Graeciae?
309 2107 460 2164 Manifesto
474 2107 536 2165 haec
550 2121 659 2165 aetatem
674 2108 864 2184 posteriorem
909 2126 938 2182 p.
955 2114 1012 2181 479
1026 2126 1090 2183 sqq.
1104 2107 1269 2167 Vindobon.
1290 2113 1408 2179 1806,8.

77 2213 214 2270 arguunt.
234 2201 316 2258 Adde
331 2201 410 2276 quod
431 2215 490 2258 tota
509 2203 559 2260 illa
577 2202 613 2259 de
625 2201 775 2259 Thessalia
786 2202 865 2261 Grae·
950 2205 979 2260 6.
992 2206 1148 2260 Dicaeorchi
1162 2209 1344 2280 Peripatetici
1355 2207 1431 2271 ΙΙίος
1449 2206 1607 2275 Ἑλλάδος
1619 2215 1691 2268 atia-

77 2293 130 2348 riae
140 2293 321 2352 accensenda
335 2296 494 2374 disputatio
509 2315 567 2353 non
581 2309 637 2353 tam
648 2297 765 2354 eloctum
779 2295 867 2353 histo·
910 2321 963 2375 qtae
973 2299 1142 2374 fragmenta
1158 2305 1353 2378 Gcographica
1367 2308 1518 2361 emendata
1530 2312 1691 2381 aequantiu-

76 2388 170 2444 ricum
200 2408 287 2465 quam
311 2391 530 2464 grammaticum
564 2391 647 2468 sapit.
672 2390 729 2448 Nec
744 2410 801 2448 non
830 2390 866 2448 de
909 2411 998 2454 strata
1009 2400 1097 2454 etiidit
1109 2401 1153 2457 tt.
1170 2401 1259 2456 Mara
1272 2399 1303 2458 in
1315 2400 1365 2460 Fr.
1376 2399 1511 2460 Creozeri
1521 2401 1691 2465 hleletemat.

77 2483 200 2540 Boeotiae
225 2485 393 2543 civitatibus
414 2485 556 2556 narrati0,
578 2505 752 2564 quamquam
778 2487 866 2544 multa
910 2491 942 2552 Ι),
958 2491 1012 2566 ΙΙΙ,
1026 2513 1055 2569 ρ.
1081 2515 1131 2565 ¹7¹
1147 2515 1211 2571 sqq.
1229 2494 1308 2572 Lips.
1319 2516 1366 2555 an.
1386 2497 1472 2570 1819.
1488 2499 1517 2556 8.

76 2579 165 2636 habet
179 2601 245 2656 quae
259 2579 345 2638 nobis
355 2581 415 2658 jam
430 2584 628 2660 acceptissima
644 2585 775 2654 veniunt,
790 2604 807 2640 a
821 2604 865 2642 se·
953 2611 979 2658 7.
998 2593 1162 2669 Δικαιάρχου
1181 2595 1227 2647 roi
1243 2591 1394 2660 Μεσσηνίου
1414 2591 1562 2672 Ἀναγροφὴ
1575 2595 1619 2652 καλ
1638 2596 1692 2672 βίος

75 2695 155 2732 verae
166 2690 261 2734 tamen
275 2677 403 2736 lristoriae
414 2680 555 2754 gravitate
567 2679 714 2756 abhorret,
728 2681 866 2737 nimium·
911 2680 1047 2749 Ἱίλλοίδος.
1053 2681 1179 2750 Ἄννωνος
1187 2685 1328 2763 περίπλους
1335 2688 1391 2743 κτλ.
1398 2685 1441 2764 (V.
1450 2705 1538 2763 supra
1546 2709 1577 2764 p.
1586 2692 1690 2764 xxxa).

76 2791 137 2845 que
152 2773 284 2847 indulget
295 2775 436 2832 levidensi
448 2776 612 2833 facetiarum
624 2776 720 2834 studio
732 2777 782 2852 (Ι),
794 2775 865 2834 adeo
912 2785 982 2836 Cum
996 2785 1082 2838 Luca
1101 2785 1238 2838 Holstenii
1255 2783 1500 2851 lucubrationibus,
1518 2795 1573 2842 etc.
1594 2784 1641 2844 ed.
1655 2785 1692 2846 G.

1 2926 2 2947 ,
75 2880 108 2921 ut
125 2867 241 2926 nonita
264 2868 350 2944 longe
371 2869 446 2928 absit
461 2869 498 2927 ab
512 2871 577 2929 istis
599 2871 735 2929 itinerum
753 2871 866 2930 descti-
912 2876 1015 2937 lllanzi.
1034 2878 1132 2937 llomae
1150 2880 1236 2954 1819.
1255 2888 1281 2946 ί..

1 2960 2 2983 l
75 2961 244 3039 ptionibus,
259 2983 330 3040 quas
340 2965 431 3042 lepidi
443 2965 622 3025 parisienses
634 2967 664 3024 in
680 2966 863 3025 imisdiario·
952 2976 980 3034 8.
1000 2980 1020 3031 I
1023 2974 1196 3045 frammenti
1209 2978 1240 3031 cli
1262 2979 1450 3032 Diceaoeoda
1469 2978 1605 3045 Massiua,
1621 2996 1693 3034 rae-

76 3076 144 3113 rum
161 3058 239 3115 foliis
257 3058 417 3135 divulgant.
910 3074 1017 3126 colried
1026 3075 1353 3129 illustratirfafl'ovocato
1361 3076 1396 3130 D.
1404 3073 1688 3142 Ceudaneottrraeue,

160 3152 279 3211 AEtatem
301 3156 427 3213 auctoris
457 3158 549 3215 nostri
576 3158 736 3215 accuratius
758 3159 865 3215 consti·
910 3167 1547 3225 cta'BamnidiVanellacCalatial'alertno.
1564 3168 1648 3224 1822.
1662 3170 1691 3225 8.

1 3294 2 3335 q
77 3262 160 3306 tuere
171 3251 218 3307 rix
230 3252 350 3328 poteris.
361 3252 396 3308 Ni
407 3251 575 3329 conjectura
586 3253 668 3324 fallit,
681 3252 865 3313 Atheniensis
912 3282 927 3316 n
944 3272 1013 3318 tom.
1225 3252 1229 3259 ’

77 3346 134 3403 iste
149 3346 221 3402 vixit
237 3348 313 3404 inter
328 3366 420 3406 annos
432 3349 562 3427 eho-200
574 3370 600 3407 a.
620 3348 672 3405 Ch.
950 3376 979 3430 9.
999 3355 1033 3412 ln
1055 3356 1145 3416 Gailii
1175 3356 1332 3433 geograph.
1360 3359 1429 3415 min.
1454 3357 1514 3414 vol.
1540 3355 1579 3415 ll.
1595 3356 1692 3417 Paris.
1760 3394 1764 3402 =

121 3442 169 3513 75.
185 3440 353 3517 Fragmenta
368 3458 467 3502 nostra
481 3446 628 3522 prosaica,
641 3464 706 3521 quat
718 3444 864 3502 breviato·
914 3452 999 3509 1828.
1014 3453 1043 3509 8.
1509 3525 1511 3528 Ι

79 3557 145 3595 rtun
161 3550 189 3593 et
201 3536 362 3597 scribarum
379 3540 464 3617 culpa
485 3540 583 3597 multis
596 3541 626 3597 in
639 3541 710 3600 locis
725 3560 827 3599 manca
837 3555 866 3601 et
955 3568 999 3608 ro.
1017 3552 1060 3605 De
1072 3550 1237 3606 Dicaearcho
1247 3557 1360 3624 ejusque
1368 3552 1502 3624 agraribus,
1519 3571 1587 3623 (μου
1599 3559 1694 3607 inscri-

79 3645 221 3708 rorrupta
245 3632 334 3691 crisin
357 3633 464 3691 habent
481 3635 699 3705 difficillimam,
720 3655 778 3693 una
798 3656 863 3694 cum
912 3644 1103 3711 brintarssiog
1131 3643 1507 3725 Ἑλλάδος,Ἀνογροφὴ
1537 3643 1695 3713 Ἑλλάδος

80 3729 210 3786 uictricis
220 3729 386 3804 fragmentis
396 3734 442 3799 τῆς
452 3733 602 3809 ἀναγραφῆς
612 3736 657 3799 τῆς
668 3730 796 3797 Ἑλλάδος
810 3732 864 3790 sub
910 3747 1020 3815 scripsit
1032 3737 1173 3814 Augustus
1186 3743 1357 3811 Buttmann,
1374 3743 1523 3811 oth'uncius
1541 3743 1692 3804 Portensis.

80 3822 242 3880 llicaearchi
259 3824 377 3881 nomine
390 3825 437 3882 edi
452 3826 555 3883 solent.
570 3824 717 3884 Editiones
738 3846 809 3884 vero
822 3826 866 3884 hae
911 3838 1067 3911 Nunrburgi
1082 3833 1181 3911 (1832)
1197 3844 1224 3901 l..

78 3930 171 3973 sunt:
954 3952 1001 3989 11.
1025 3934 1188 3988 Dicaearchi
1204 3935 1337 3988 Messenii
1354 3952 1419 4006 quoe
1428 3944 1574 4006 supersunt
1581 3953 1694 4007 compo·

124 4032 150 4069 ι.
182 4012 345 4067 Dicaearchi
371 4014 565 4091 Geograpttca
594 4018 725 4090 quadam
747 4024 803 4073 stre
829 4020 865 4073 de
911 4030 1694 4097 .rtta,edttaetiltuararaaMaainrilianoFuirr.Darm-

82 4110 148 4161 lita
164 4109 285 4162 Groecioe
307 4104 452 4183 (fragml
467 4121 496 4165 et
509 4107 552 4165 ΙΙΙ
565 4106 586 4187 ).
603 4112 735 4182 Ejusdem
757 4114 864 4168 descri—
912 4122 1006 4180 stadii,
1023 4124 1108 4189 1841,
1124 4125 1151 4179 8,

75 4211 137 4276 prio
151 4204 279 4271 oracta,
296 4202 420 4260 versitas
432 4207 558 4261 iambicis
575 4208 616 4260 ad
635 4206 864 4282 Theophrastum,
994 4216 1142 4293 Legumin-
1165 4218 1221 4275 tria
1250 4230 1349 4275 nostra
1378 4218 1537 4294 fragmenta
1562 4218 1695 4295 prosaica

79 4318 140 4352 rrrnr
159 4301 267 4357 Ludna
293 4304 520 4372 interpretatione
542 4312 626 4375 atque
641 4304 866 4358 annotationibus
912 4315 998 4371 etjam
1011 4315 1043 4371 in
1059 4313 1170 4389 fragm,
1186 4313 1290 4371 histor,
1308 4326 1380 4371 tom,
1397 4312 1436 4382 ΙΙ,
1455 4332 1487 4389 p,
1505 4314 1560 4378 254
1576 4331 1641 4387 sqq.
1658 4312 1693 4368 ad

80 4397 114 4454 H.
129 4397 277 4471 sapiant.
298 4408 326 4451 et
345 4402 405 4467 ejus
423 4398 560 4469 Df⁰l⁰d⁰2
580 4404 629 4471 iul
647 4404 793 4473 inscriptus
812 4412 862 4466 ert,
912 4410 1017 4467 calcem
1030 4410 1255 4487 fragmentorum
1267 4408 1426 4467 Dicaearchi
1442 4407 1590 4465 Messenii.

82 4491 244 4546 Drroearcfti
264 4492 501 4564 drnrpractorurn,
525 4494 628 4547 additis
641 4496 681 4547 Is.
707 4494 866 4549 Casnuboni

110 4670 139 4719 t't
153 4664 266 4713 llannerl
279 4664 345 4723 vui,
355 4676 380 4725 p.
399 4668 483 4713 19³2«
501 4666 544 4713 Die
559 4665 696 4725 verninse,
711 4666 802 4715 welche
817 4680 871 4715 man
892 4666 938 4717 den
949 4664 1068 4716 sonticus
1084 4678 1166 4726 urgeo
1182 4665 1244 4713 ihrer
1257 4666 1347 4713 Esslust
1358 4665 1406 4712 uriel
1419 4679 1501 4727 wegeu
1511 4668 1696 4715 fornacula-ssi-

81 4749 138 4797 gung
149 4734 194 4783 der
205 4733 384 4783 Geisteslmltur
398 4734 501 4791 maclrte,
517 4734 635 4795 ithcrgelre
650 4734 704 4794 irlr;
719 4748 744 4784 es
761 4736 856 4785 machte
871 4737 905 4787 rio
925 4736 968 4786 der
977 4734 1136 4799 geunndtere,
1146 4736 1190 4783 auf
1202 4736 1282 4783 uinea
1292 4738 1367 4783 etwas
1378 4736 1574 4798 selrwerinttigen
1585 4738 1697 4785 ltu-titur

81 4808 169 4866 ntegri
181 4816 213 4853 zu
228 4802 379 4864 sprecltende
390 4802 625 4853 Allreniensor.Wer
635 4805 771 4855 nlrnliclren
781 4805 936 4855 lralbwaluen
944 4809 1022 4869 spoli,
1035 4806 1141 4853 walchen
1154 4805 1197 4853 dor
1207 4805 1300 4865 wittige
1312 4805 1413 4853 Grirclre
1425 4808 1483 4854 iiber
1493 4808 1535 4855 rias
1548 4807 1696 4856 Arinatlrnrlr

80 4876 196 4923 ruminet
208 4874 303 4923 stulte
315 4886 404 4934 ergoet,
415 4886 444 4922 zu
455 4872 519 4923 lesen
535 4876 654 4936 witnseht,
665 4876 740 4925 findet
754 4876 928 4939 Unterlnltnng
939 4876 964 4925 in
977 4876 1019 4927 der
1029 4876 1119 4924 lurtcn
1130 4875 1304 4935 oactrretuuog
1321 4876 1409 4936 einiger
1422 4876 1465 4926 der
1478 4879 1626 4939 widnigsten
1637 4881 1697 4924 orte

79 4944 205 5001 hrotieus,
221 4941 317 4991 welche
329 4943 401 4989 unter
413 4943 547 4992 Dirnarclrs
561 4944 651 4993 flamen
667 4946 805 4995 rorlnnden
815 4946 853 5007 ist,
865 4946 924 4997 aber
936 4946 1161 4997 walrrselreinliclrcr
1171 4947 1206 4995 als
1220 4945 1263 4995 das
1271 4946 1376 4996 l‘roduld
1388 4948 1453 4997 eines
1463 4950 1559 5009 ductitig
1573 4945 1697 4996 rcisrrulru

79 5013 245 5063 stireniensers
257 5012 338 5074 gellen
353 5012 423 5060 laun.
441 5032 453 5055 n
