3775 5750
178 383 234 433 323
901 359 1061 420 AlllllANl

183 526 240 564 σου·
254 502 356 561 στάδιοι
367 502 391 558 οἱ
406 497 502 562 πάντες
516 494 696 570 {diapslama
709 498 754 552 τοῦ
766 493 898 552 διέκπλου·
915 491 962 551 καλ
1006 513 1062 551 esse
1077 493 1187 549 effossus
1205 494 1353 559 videretnr;
1366 495 1527 566 septuaginta
1540 492 1568 546 in
1578 493 1739 546 universum
1752 503 1800 544 sta·

181 590 322 650 ίτίτετοῦ
338 587 458 665 αἰγιαλοῦ
475 582 581 660 δι’νδρια
598 573 630 653 ἦν
641 578 730 638 πολλὰ
742 580 787 638 καὶ
800 578 899 655 δασία,
917 579 964 638 κοιλ
1007 583 1114 635 diorum
1130 599 1161 634 ea
1172 582 1301 649 navigatio
1321 579 1414 634 luerat.
1428 580 1518 632 Multae
1529 589 1605 632 crant
1616 577 1766 648 densaque
1776 579 1800 629 in

178 679 287 748 ἦν’ἡσος
308 673 357 743 ὕλη
378 667 489 748 παντοίῃ
511 667 627 734 σύσκιος.
670 666 704 748 (ν)
725 665 796 727 ‘t‘nl
813 664 841 723 δλ
860 665 908 737 τὴν
926 663 963 723 ἔω
1008 667 1094 722 littore
1113 666 1234 731 arbores,
1256 665 1394 736 insulaque
1410 667 1466 737 ipen
1480 665 1558 717 variis
1574 663 1646 716 silvis
1661 661 1800 714 umbrom.

180 763 281 822 ἔπλωον
303 737 352 828 {lte
365 761 412 827 τῆς
425 755 504 826 νήσου
525 754 593 813 κατὰ
608 753 705 833 ῥηχίην
722 753 834 824 στιινήν·
849 751 888 811 ἔτι
910 752 961 832 γὰρ
1008 755 1048 826 (8)
1060 752 1115 806 Sub
1126 752 1211 805 lucem
1223 769 1271 823 per
1284 761 1424 821 nngmtum
1437 761 1464 805 et
1472 761 1614 804 aestuosum
1629 749 1720 802 locum
1728 759 1803 799 extra

154 865 167 901 ι
181 847 312 914 ἀνάπωτις
320 845 435 922 κατιῖχι.
478 840 707 908 Πλώσοντεςδὲίς
718 840 811 899 ίιιατὸν
823 839 869 899 κοιλ
879 839 962 898 εἴκοσι
1006 839 1118 892 insulam
1134 839 1306 907 navigarunt3
1319 836 1408 890 adhuc
1421 837 1492 888 enim
1501 853 1619 888 reomaus
1633 835 1718 887 maris
1734 833 1804 884 obti-

180 934 300 1002 στσδίοος
311 931 460 1013 ὁρμίζονται
473 931 501 988 dr
512 931 550 1010 τῷ
566 928 679 1004 στόματι
692 932 738 987 τοῦ
751 927 869 1007 Ἀριίόιος
879 949 962 986 ποτα·
1006 924 1086 979 nebat
1105 939 1112 976 t
1130 924 1334 992 continuataque
1346 923 1510 991 navigatione
1528 920 1562 974 ad
1576 929 1689 972 centum
1708 919 1802 988 viginti

181 1028 241 1101 μοῦ·
255 1020 301 1080 κοιλ
320 1017 401 1096 λιμὴν
423 1015 508 1094 μίγας
523 1015 570 1074 καί
591 1014 671 1081 καλὸς
693 1014 758 1093 πρὸς
778 1017 818 1094 τῷ
839 1013 961 1089 στόματι·
1005 1011 1103 1074 stadia,
1118 1009 1189 1082 apud
1199 1011 1295 1063 ostium
1307 1010 1402 1063 Arabis
1414 1011 1499 1062 amnis
1507 1009 1696 1072 constiterunt,
1707 1017 1734 1059 et
1745 1025 1805 1076 μιτ-

179 1108 248 1188 ὕδωρ
262 1106 289 1166 hi
305 1108 353 1166 οὐκ
366 1098 398 1176 ἦν
412 1104 532 1179 πότιμον·
550 1107 596 1160 τοῦ
612 1100 664 1181 γὰρ
681 1099 960 1180 ’λροίὸιοςαὶίκὸολαί
1005 1110 1064 1152 ιιιιιι
1081 1097 1190 1167 quidem
1209 1097 1246 1149 ibi
1263 1095 1380 1168 amplum
1400 1107 1428 1148 et
1442 1094 1615 1148 commodum
1631 1095 1706 1148 nacti
1726 1104 1804 1158 sunt,
1872 1143 1873 1154 ,

183 1223 207 1237 “
391 1222 502 1234 -a-
772 1221 792 1230 -
1046 1217 1361 1229 .---·--—----—.-.-

178 1277 387 1348 separaremini
404 1275 472 1326 freto
482 1290 529 1343 per
544 1287 593 1324 tao
603 1269 781 1323 ndhucstnilia
791 1269 967 1338 navigandum
1013 1278 1067 1321 tere
1077 1269 1120 1319 vix
1133 1267 1203 1331 lieet,
1218 1284 1300 1336 quum
1312 1265 1356 1318 hie
1369 1283 1438 1318 unus
1453 1264 1520 1317 soret
1534 1274 1643 1325 tractus,
1658 1263 1741 1334 cujus
1750 1263 1806 1316 lon·

179 1367 245 1419 erat,
254 1354 341 1408 donee
349 1352 383 1406 ad
392 1353 490 1406 ostium
503 1350 596 1404 Arabis
607 1349 680 1401 ssuvii
694 1349 905 1419 pervenirent(§
919 1349 967 1418 8),
1013 1347 1158 1414 gitudinem
1179 1355 1249 1398 recte
1267 1344 1402 1397 Nearchus
1425 1344 1617 1406 constituissem
1641 1345 1671 1395 in
1696 1343 1807 1412 reliquis

182 1443 209 1486 et
217 1432 312 1484 liunus
323 1432 378 1502 ipse
386 1445 482 1499 parum
491 1427 604 1480 habebat
614 1443 688 1496 aquae
699 1423 708 1495 (
719 1423 805 1477 Anah.
814 1425 863 1488 vt,
875 1440 920 1485 21,
929 1422 967 1488 8).
1013 1426 1085 1478 enim
1097 1425 1232 1478 distantias
1243 1423 1321 1477 hahet
1336 1421 1412 1493 justu
1426 1422 1503 1492 longe
1514 1421 1641 1493 majorem
1662 1423 1703 1474 sic
1716 1423 1805 1476 Orita-

182 1509 272 1562 Insula
278 1511 367 1578 ignota
372 1518 428 1570 eat3
442 1506 509 1559 sessa
517 1502 822 1573 sorteuunerepletaest.
833 1503 970 1554 »scnna-
1013 1521 1073 1557 rum
1083 1522 1130 1556 orn
1139 1520 1219 1574 quam
1229 1507 1297 1556 1600
1306 1501 1450 1554 stadiorum
1458 1501 1531 1564 dicit,
1541 1501 1646 1554 nonnisi
1657 1517 1730 1554 1100
1737 1501 1804 1552 stad.

180 1605 247 1640 nan.
270 1588 283 1658 ll
306 1616 343 1628 -
358 1591 384 1639 6.
410 1583 550 1656 Ἆράᾶιος
571 1581 737 1651 ποταμοῦ]
760 1583 801 1632 De
820 1581 927 1633 nomine
942 1597 968 1631 v.
1014 1591 1054 1634 est
1062 1601 1070 1646 ;
1085 1581 1287 1652 Ichthyophagis
1304 1591 1392 1634 autem
1411 1579 1473 1632 litus
1487 1580 1580 1634 tribuit
1596 1597 1686 1634 toooo
1706 1579 1805 1632 stadio-

183 1665 279 1719 netad
292 1683 316 1719 c.
331 1663 408 1728 ao,l.
424 1667 468 1726 Ao.
484 1662 591 1715 Fluvios
604 1671 644 1713 est
659 1658 724 1712 hod.
740 1658 874 1726 Ponmttya
892 1679 903 1707 ι
919 1661 970 1711 Ac·
1015 1678 1085 1725 rum,
1097 1678 1179 1731 quum
1192 1661 1235 1711 vix
1253 1660 1321 1714 5000
1338 1657 1449 1711 dicenda
1461 1657 1580 1711 fuissent.
1593 1661 1687 1727 Quare
1701 1657 1746 1711 alii
1765 1676 1807 1730 pe·

183 1744 295 1813 cording
308 1754 336 1796 to
347 1742 486 1796 D’Anville
496 1739 549 1793 and
562 1739 596 1792 de
609 1739 633 1792 la
647 1739 773 1791 llochctte
787 1739 807 1790 it
816 1737 865 1789 still
874 1737 971 1788 retains
1015 1736 1112 1790 culinrc
1126 1736 1271 1790 stadiorum
1285 1755 1367 1806 genua
1379 1739 1406 1789 in
1424 1755 1502 1790 nsum
1520 1736 1597 1806 hujus
1612 1736 1716 1808 par-apli
1730 1755 1808 1789 exeo·

185 1823 230 1875 the
239 1821 354 1875 numeni
362 1822 461 1884 Amba,
469 1819 535 1875 with
542 1817 587 1871 the
598 1816 742 1870 additional
750 1813 945 1887 appellationes
952 1813 974 1866 il
1015 1815 1140 1882 gitarunt,
1150 1815 1191 1867 alii
1202 1825 1271 1867 recte
1280 1826 1440 1868 monuerunt
1451 1817 1624 1885 navigationis
1635 1815 1809 1869 difficultates

186 1900 276 1955 Mend.
287 1899 370 1953 Their
376 1900 509 1969 authority
518 1897 616 1950 llxnow
625 1905 681 1948 not.
696 1895 856 1946 »Vmorem
866 1912 894 1965 p.
908 1893 970 1946 205.
1015 1902 1041 1944 et
1054 1891 1242 1962 impedimenta
1256 1894 1283 1944 in
1299 1911 1376 1946 causa
1391 1892 1470 1946 tuisse
1490 1905 1519 1946 ut
1541 1894 1675 1947 distantiae
1687 1893 1809 1947 loconrm

186 1981 248 2032 Exit
265 1978 360 2032 liuvius
371 1979 400 2029 in
415 1979 495 2030 maris
508 1992 649 2038 recessum,
664 1973 707 2026 eui
717 1971 818 2043 adjacet
833 1977 974 2042 Somnemgr
1015 1971 1099 2023 multo
1111 1970 1222 2041 majores
1242 1989 1321 2042 quam
1338 1982 1413 2024 erant
1424 1990 1480 2024 esse
1495 1972 1659 2025 vitiarentur.
1672 1975 1810 2026 Hactenus

185 2055 268 2121 bcus,
285 2073 364 2126 quem
381 2053 566 2126 Kempthorne
578 2055 597 2106 l.
617 2051 636 2106 l.
652 2069 679 2124 p.
700 2056 751 2114 264
768 2069 818 2122 pro
830 2051 971 2104 Alexandri
1016 2047 1050 2100 de
1060 2049 1190 2102 Nearcho.
1209 2048 1288 2120 Apud
1301 2049 1469 2102 Ptolemaeum
1482 2049 1597 2103 Arabitae
1607 2051 1694 2104 multo
1707 2052 1811 2120 longius

185 2145 265 2204 portu
279 2133 374 2198 hahet;
391 2134 443 2186 hoe
460 2132 569 2204 quidem
589 2131 694 2202 inepte;
707 2141 824 2183 ceterum
837 2131 874 2182 ita
885 2129 974 2181 locum
1016 2128 1158 2198 portinent,
1182 2145 1296 2198 eumque
1311 2138 1425 2181 tractum
1446 2129 1580 2192 obtinent,
1607 2147 1691 2200 quem
1714 2131 1811 2184 Noster

186 2211 329 2265 describit:
345 2235 357 2258 ι
377 2213 526 2281 Sonmenny
540 2212 591 2262 isa
604 2208 679 2262 small
692 2219 762 2261 town
776 2226 808 2259 or
820 2207 915 2277 fishing
927 2207 974 2259 vil·
1018 2205 1132 2258 Arabitis
1152 2215 1178 2258 et
1198 2207 1280 2260 Oritis
1298 2207 1400 2259 tribuit.
1423 2209 1511 2260 Oritas
1529 2207 1686 2261 Ptolemaeus
1699 2213 1811 2263 omnino

187 2288 252 2358 lage,
266 2288 378 2342 situated
395 2301 422 2343 at
439 2290 483 2343 the
495 2288 589 2344 mouth
603 2287 635 2340 os
647 2285 752 2343 aereels
760 2285 847 2338 which
861 2304 925 2338 runs
937 2303 975 2356 up
1018 2300 1072 2336 non
1095 2296 1234 2338 memorat.
1252 2285 1408 2339 Terminum
1433 2285 1600 2338 Ambitarum
1622 2287 1681 2356 ipse
1701 2306 1810 2358 quoquc
1872 2325 1873 2350 ,

187 2385 261 2420 some
273 2366 390 2420 distance
400 2366 500 2421 inland.
512 2371 537 2420 It
551 2369 573 2419 is
586 2365 718 2435 governed
732 2365 789 2436 byn
803 2363 908 2429 shcilsh3
921 2363 975 2418 and
1019 2363 1093 2432 ponit
1107 2363 1206 2416 Arabin
1221 2364 1349 2430 fluvium,
1372 2383 1404 2417 co
1420 2374 1509 2416 autem
1528 2367 1636 2417 nominc
1650 2366 1767 2419 fluvium
1779 2371 1810 2420 si·

189 2445 233 2500 the
245 2445 404 2501 inhabitants
414 2464 512 2519 appear
521 2457 549 2500 to
561 2445 596 2498 be
611 2463 673 2515 very
685 2462 761 2516 poor,
780 2444 874 2514 chiefly
890 2444 975 2497 subsi-
1019 2451 1081 2508 gnat
1097 2442 1142 2511 qui
1155 2441 1234 2494 hodie
1252 2451 1361 2494 vocatur
1373 2446 1485 2494 Kurmu't
1504 2460 1526 2494 s.
1541 2447 1639 2497 liumrn
1650 2462 1674 2498 s.
1691 2445 1809 2507 Knlnni,

188 2527 257 2596 sting
270 2545 304 2579 on
320 2525 397 2579 dried
408 2526 457 2580 lish
468 2524 521 2579 and
532 2525 586 2578 rice
603 2523 664 2594 [Cf.
677 2523 777 2576 Plinius
787 2523 850 2586 vn,
863 2538 899 2575 a:
916 2522 976 2574 Ori·
1019 2516 1052 2570 nd
1064 2535 1143 2588 quem
1161 2520 1265 2572 Calama
1283 2520 1395 2573 Nearchi
1413 2517 1537 2591 ponenda
1549 2531 1619 2574 sunt.
1641 2523 1724 2575 Hunc
1739 2527 1809 2576 enim

190 2615 233 2657 tna
250 2605 285 2657 nb
303 2604 381 2658 Indis
403 2603 486 2658 Arbis
496 2602 602 2674 fluvius
622 2600 799 2654 disterminat.
819 2601 859 2654 Hi
876 2601 976 2654 nullum
1020 2597 1130 2651 fluvium
1153 2597 1350 2668 intelligendum
1369 2617 1424 2652 esse
1443 2598 1505 2651 inde
1516 2609 1596 2669 patet,
1609 2600 1685 2670 quod
1705 2599 1810 2654 'And-,ila

189 2682 366 2736 nliumeibum
377 2701 468 2735 nouere
476 2701 555 2755 qnam
561 2680 689 2754 piscium,
701 2697 765 2751 quos
777 2679 907 2746 unguibus
919 2680 976 2734 ‹ttr-
1021 2681 1094 2745 νῆσος
1109 2679 1189 2732 Arabi
1210 2678 1311 2748 objecta
1324 2690 1412 2750 aperte
1434 2689 1473 2731 est
1491 2678 1555 2732 hod.
1570 2680 1667 2732 Aetolo
1691 2683 1778 2735 insula
1797 2703 1812 2736 c

191 2772 275 2813 sectos
287 2761 340 2813 sole
360 2771 476 2813 torrerent
498 2772 577 2831 atque
591 2759 631 2811 ιἰα
643 2775 739 2830 panem
752 2776 785 2810 ee
799 2758 842 2810 tis
854 2757 974 2826 sacient,
1020 2757 1128 2826 regione
1142 2761 1254 2810 A'nrmut
1267 2759 1352 2811 iluvii.
1372 2760 1432 2810 lluc
1445 2756 1555 2821 accedit,
1574 2757 1647 2828 quod
1657 2760 1730 2830 apud
1744 2763 1810 2814 Ptol.

193 2850 223 2891 ιιι
234 2837 313 2907 rej'ert
323 2837 479 2892 Clitarchus.
489 2839 536 2909 ]...
550 2841 641 2909 Avery
652 2837 785 2889 extensive
795 2835 844 2889 har
855 2855 888 2890 or
898 2837 977 2891 sand·
1021 2836 1142 2907 proximc
1154 2847 1214 2908 post
1227 2836 1325 2891 Arabin
1341 2837 1451 2891 lluvium
1462 2837 1581 2907 sequitur
1591 2838 1719 2893 Mosarna
1728 2840 1809 2906 locun,

191 2914 264 2967 bank
276 2933 434 2969 tumacross
446 2916 491 2968 the
502 2915 595 2968 mouth
607 2914 638 2968 oi
644 2915 697 2967 this
708 2914 781 2979 iulet,
789 2913 842 2967 and
853 2934 922 2969 none
931 2918 979 2971 but
1021 2915 1089 2967 sicut
1102 2914 1172 2967 idem
1185 2915 1258 2967 locus
1272 2925 1330 2987 post
1344 2916 1448 2967 Calama
1469 2917 1717 2987 memoraturapud
1731 2922 1811 2972 Near-
1872 2922 1873 2927 ’

193 2993 286 3046 resacia
299 2993 331 3047 os
340 2994 414 3047 small
427 2995 542 3048 burthen
555 3012 604 3047 can
619 3002 663 3063 get
679 3010 743 3046 over
755 2994 784 3059 it,
799 3006 900 3047 evenat
914 2995 978 3066 high
1022 2993 1112 3048 chum.
1126 2994 1285 3048 Adlluvium
1292 2994 1449 3047 Ptolemaeus
1458 2994 1535 3046 habet
1548 2993 1631 3047 Arbin
1641 2997 1749 3064 urbem,
1761 3019 1811 3052 non
1872 2990 1873 3007 ’

191 3082 287 3136 water;
297 3072 346 3126 but
358 3072 442 3125 inside
451 3073 496 3126 the
503 3082 584 3125 water
591 3074 613 3124 is
622 3071 699 3143 deep,
712 3070 766 3125 aud
779 3074 883 3126 aveasel
892 3073 923 3127 os
927 3092 979 3129 one
1023 3072 1059 3125 ita
1076 3074 1154 3144 longe
1166 3074 1200 3127 ab
1216 3092 1263 3128 ora
1282 3074 1412 3126 maritima
1427 3084 1564 3147 remotam.
1585 3074 1632 3125 Sin
1649 3091 1756 3144 qunras
1768 3084 1810 3148 qui

192 3168 225 3203 or
233 3162 286 3205 two
300 3151 422 3205 hundred
435 3163 494 3206 tons
505 3151 583 3205 could
594 3150 628 3204 lie
640 3152 704 3205 hem
715 3151 779 3204 with
792 3152 892 3223 perfect
905 3172 980 3207 meu·
1023 3150 1121 3205 sactum
1140 3154 1183 3216 sit,
1198 3162 1229 3205 ut
1242 3152 1336 3206 Arabis
1357 3154 1386 3203 il.
1404 3152 1441 3204 sic
1462 3160 1693 3222 transponeretur:
1714 3154 1810 3217 fefellit.

192 3230 254 3299 rity,
275 3230 405 3284 sheltcred
418 3229 486 3284 from
500 3231 533 3284 all
552 3228 648 3282 winda.
666 3251 678 3279 ι
694 3230 751 3283 Alia
764 3229 798 3283 de
815 3230 981 3289 Archidabit
1023 3240 1106 3302 puto,
1128 3230 1297 3284 Ptolemaeum
1311 3230 1350 3283 vel
1364 3232 1451 3303 potius
1463 3230 1518 3300 ejus
1531 3240 1652 3284 auctores
1672 3238 1810 3289 nominum

193 3310 337 3378 Pettingcr.
353 3309 470 3363 Trnnele.
490 3325 519 3380 p.
534 3311 578 3363 att.
590 3324 653 3378 299,
663 3308 839 3380 quolihmuti
849 3310 914 3362 mihi
926 3329 980 3365 non
1025 3308 1114 3379 ttsptn
1127 3320 1153 3363 et
1165 3308 1242 3381 ’λρΰις
1264 3310 1419 3363 similitudo.
1436 3310 1505 3363 Nam
1524 3308 1686 3365 hodiernum
1700 3315 1813 3363 Knmnn

193 3386 277 3442 licuit.
289 3389 360 3441 Num
374 3388 466 3459 aliquis
475 3388 702 3459 peregrinatorum
713 3388 841 3441 excelsam
853 3389 979 3455 insulam,
1025 3386 1096 3457 apud
1107 3389 1214 3441 Graecos
1230 3388 1294 3441 olim
1310 3388 1400 3458 tttptn
1411 3389 1465 3441 sive
1479 3388 1571 3459 lidppw
1586 3387 1690 3441 dictum
1703 3406 1768 3451 ease,
1783 3408 1812 3440 rx

194 3464 271 3535 eujus
295 3467 423 3520 Arrianus
436 3468 570 3531 meminit,
591 3468 792 3532 memoraverit,
814 3484 913 3536 quaero.
941 3470 982 3523 De
1024 3482 1057 3518 eo
1068 3467 1209 3537 colligitur,
1228 3466 1301 3537 quod
1321 3466 1482 3537 adjacentem
1495 3468 1631 3535 regionem
1644 3466 1739 3536 Κάρὸιν
1752 3468 1814 3521 dicit

195 3562 270 3614 aquae
282 3545 403 3616 potabilis
414 3546 525 3616 penuria
535 3549 671 3599 Potterum
684 3556 776 3598 testem
794 3545 903 3599 adducit
915 3549 982 3601 Vin·
1025 3544 1169 3610 Nearchus,
1185 3556 1211 3598 et
1224 3543 1325 3615 objecta
1346 3545 1430 3599 insula
1443 3546 1506 3597 item
1523 3544 1631 3614 Καρὸιιη
1647 3544 1688 3597 rel
1703 3545 1812 3615 liappln,

195 3634 320 3693 eentusp.
334 3628 399 3677 206:
415 3648 426 3669 ι
436 3625 692 3677 LieutcnantPotter
700 3639 774 3694 says:
788 3648 799 3668 ι·
813 3625 898 3695 Every
906 3624 983 3696 thing
1026 3633 1145 3677 vocatur.
1168 3626 1228 3677 lluc
1241 3624 1341 3677 aceedit
1352 3623 1426 3695 quod
1444 3623 1542 3677 Arbitae
1555 3633 1581 3675 et
1602 3624 1686 3676 Onitae
1701 3624 1775 3677 facile
1788 3630 1812 3679 in

196 3700 218 3751 is
231 3716 328 3764 scarae,
346 3718 411 3753 even
425 3712 517 3765 water,
530 3700 618 3754 which
632 3702 653 3753 is
666 3700 983 3773 proouredbydigginga
1027 3719 1108 3761 unam
1117 3714 1220 3773 gentem
1231 3704 1338 3756 conilari
1349 3712 1454 3774 possent
1466 3700 1501 3754 ob
1512 3702 1652 3754 nominum
1666 3701 1782 3774 Ὀρὸἴττι
1790 3716 1813 3758 et
1872 3708 1873 3713 ’

196 3776 257 3832 hoie
269 3776 320 3830 five
328 3796 360 3830 or
371 3779 412 3831 six
425 3776 477 3832 sect
487 3778 564 3850 deep,
578 3778 669 3832 andes
680 3796 759 3849 many
774 3780 802 3831 in
815 3778 983 3835 diameterin
1030 3780 1135 3851 ’λρὸἴται
1147 3780 1363 3847 similitudinem
1377 3799 1438 3834 nam
1447 3798 1497 3851 pro
1509 3778 1619 3851 Ὠρεῖται
1630 3780 1674 3835 alii
1693 3782 1814 3838 dicebant
1872 3784 1873 3805 ³

197 3855 295 3927 aplane
306 3855 455 3910 whichwas
468 3856 740 3929 formerlyaswamp3
753 3856 839 3911 audit
845 3858 890 3912 the
902 3869 984 3914 water
1031 3858 1152 3931 Ὀρὸἴται,
1165 3862 1321 3914 sicutetiam
1331 3860 1536 3928 hodicearcgio
1549 3870 1658 3913 vocatur
1671 3864 1813 3917 Urbn.Su·
1872 3900 1873 3931 ι

197 3952 284 3998 onzes,
305 3933 392 3988 which
406 3935 427 3988 it
439 3935 589 3988 sometimes
602 3934 665 3987 does
685 3945 743 3999 not,
765 3937 787 3987 it
807 3953 892 3989 serves
910 3937 983 3991 them
1027 3948 1154 4009 perastut
1174 3938 1207 3992 de
1228 3940 1314 3993 Plinio
1337 3954 1502 3991 moneamus.
1524 3940 1549 3991 Is
1568 3938 1649 4007 igitur
1669 3941 1813 3997 Arbiorum
1872 3932 1873 3937 ¹

196 4012 254 4067 that
271 4012 333 4085 day,
347 4013 400 4066 aod
414 4013 527 4085 perhaps
545 4012 590 4067 the
605 4023 683 4078 nest,
699 4014 777 4067 when
791 4014 812 4066 it
824 4024 900 4067 turns
911 4018 984 4087 quite
1027 4028 1130 4087 gentem
1141 4017 1295 4072 Arbiiluvio
1304 4018 1337 4071 ab
1348 4019 1430 4071 Oritis
1441 4016 1616 4069 distenninari
1626 4016 1689 4071 data
1702 4024 1814 4073 occasio·

197 4089 331 4157 brachish,
342 4092 521 4161 owiogtothe
534 4093 637 4145 uitrous
650 4091 749 4162 quality
760 4090 793 4145 os
801 4092 846 4145 the
858 4094 941 4147 earth.
958 4116 982 4149 ι.
1028 4112 1062 4147 ne
1071 4094 1150 4148 refert
1161 4114 1193 4147 ex
1205 4096 1337 4148 Clitarcho
1348 4096 1410 4160 Vll,
1425 4112 1451 4148 a.
1465 4094 1539 4147 Idem
1549 4096 1598 4158 vt,
1609 4097 1745 4165 25,§95:
1762 4100 1814 4151 Atti
1872 4118 1873 4149 3

197 4198 234 4210 -
244 4170 326 4222 Oram
334 4168 502 4224 Ambitarum
515 4171 642 4224 Arrianus
655 4170 697 4241 (c.
711 4169 780 4233 abd
792 4168 939 4241 )esscdieit
950 4172 985 4225 ad
1029 4173 1158 4227 Gedrusos
1166 4186 1191 4227 et
1199 4174 1305 4228 Pasirae
1311 4193 1421 4247 posuere
1423 4192 1474 4247 per
1483 4176 1655 4227 CXXXVIII
1659 4194 1695 4227 m.
1703 4195 1748 4247 p„
1759 4196 1815 4229 mnr

198 4247 282 4303 stadia
302 4247 385 4313 mille,
403 4250 582 4302 consentiente
601 4249 723 4303 Nearcho
734 4247 805 4321 apud
827 4250 985 4307 Strabonem
1028 4251 1237 4325 Ichthyoplngns
1257 4253 1357 4317 Oriens,
1371 4252 1492 4326 propria,
1507 4270 1558 4304 nen
1576 4252 1715 4316 Indorum,
1728 4254 1815 4321 lingna

198 4343 226 4398 p.
242 4344 305 4396 720.
326 4331 394 4396 Quae
411 4326 558 4382 stadiomm
575 4346 678 4382 summa
690 4328 821 4399 colligitur
832 4348 864 4383 ex
878 4332 985 4402 singulis
1029 4332 1167 4403 loquentis,
1177 4351 1227 4405 per
1239 4336 1279 4386 CC
1285 4334 1342 4386 mil.
1353 4350 1492 4405 passerum.
1509 4331 1721 4404 Ichthjnplrngns
1734 4336 1816 4387 omnir

198 4405 328 4460 distantiis
343 4424 403 4477 que
419 4405 562 4462 traduntur
575 4408 637 4460 inde
652 4408 686 4461 ah
704 4408 818 4473 Forenti,
841 4408 913 4462 unde
932 4414 987 4482 pri·
1033 4412 1182 4465 Alexander
1193 4412 1278 4466 veteri!
1288 4413 1411 4485 piscibus
1425 4412 1521 4466 ttinere.
1534 4412 1635 4465 Deinde
1644 4430 1757 4485 posuere
1766 4420 1815 4477 Ar·

198 4501 273 4537 mum
287 4486 423 4538 Oceanum
434 4485 521 4538 classis
531 4486 645 4556 ingressa
657 4496 706 4539 cst.
720 4489 842 4540 Attamen
854 4486 985 4544 desidera·
1030 4492 1131 4545 diorum
1145 4504 1245 4561 gentem
1256 4512 1306 4565 per
1316 4496 1356 4546 CC
1369 4492 1437 4547 mitt.
1462 4493 1538 4546 Ultra
1548 4492 1666 4555 desertn;
1680 4490 1743 4545 dein
1762 4498 1816 4546 (nn
1872 4500 1873 4503 ’

199 4570 243 4614 tur
249 4560 372 4616 distantia
382 4564 522 4617 aCrocalis
531 4563 566 4617 ad
576 4564 684 4617 bibacta
695 4562 860 4635 (stadiorum
875 4582 923 4621 roo
931 4586 983 4623 sec.
1030 4569 1151 4623 maninet
1161 4570 1250 4624 Persis
1258 4583 1336 4643 ntqne
1347 4571 1461 4625 Arabia.
1470 4574 1502 4624 In
1514 4571 1555 4624 his
1565 4588 1648 4641 quum
1660 4570 1737 4623 Arhii
1751 4572 1816 4625 inter

199 4639 267 4692 Plin.
282 4638 330 4711 )et
346 4643 496 4713 aSarangis
508 4640 543 4695 ad
556 4642 654 4696 Saenia.
667 4646 756 4710 Quare
770 4660 837 4697 1000
848 4644 891 4697 illa
904 4646 986 4701 stadia
1030 4650 1118 4702 Oritas
1130 4660 1157 4702 et
1168 4650 1334 4704 Carmaniam
1342 4650 1511 4714 collocentur,
1528 4650 1600 4703 vides
1609 4650 1750 4721 ponendos
1764 4670 1815 4703 esse
1872 4678 1873 4689 ι

200 4718 392 4773 nonaCoreati
404 4720 472 4774 seda
484 4732 565 4793 portu
576 4721 729 4784 Alexandri,
740 4721 986 4792 andepostatdte-
1030 4725 1122 4779 endem
1144 4726 1204 4781 loco
1227 4746 1280 4799 quo
1296 4729 1450 4783 Ptolemaeus
1470 4729 1570 4783 Arabin
1591 4728 1704 4781 fluvium
1729 4729 1813 4782 hahet.

200 4816 261 4851 rum
276 4802 510 4853 commorationem
533 4803 626 4853 ctesias
637 4811 730 4854 nactus
746 4801 880 4855 Nearchus
898 4803 985 4870 solvit,
1030 4806 1099 4859 ilinc
1116 4807 1194 4859 etiam
1209 4807 1362 4877 explicanda
1380 4826 1439 4879 (μισ
1450 4808 1572 4878 leguntur
1582 4808 1632 4870 vt,
1653 4812 1688 4861 26
1709 4810 1725 4876 ς
1745 4825 1812 4877 109:

200 4874 379 4947 computanda
392 4876 505 4948 ideoque
518 4879 568 4935 150
585 4878 668 4933 stadia
680 4878 825 4950 supplenda
837 4898 893 4933 esse
905 4892 985 4948 recte,
1031 4887 1064 4937 In
1080 4884 1224 4938 Orrmnne'ee
1237 4886 1332 4951 angulo
1346 4886 1565 4958 Chelonophagi...
1580 4886 1718 4954 nsteernt'ne
1731 4886 1814 4939 Amdt'

201 4966 277 5025 puto,
293 4956 395 5007 censuit
409 4956 571 5011 Gosselinus.
584 4960 652 5011 Sane
669 4958 777 5028 quidem
789 4958 859 5011 mille
875 4961 922 5014 ista
935 4972 986 5015 sta-
1027 4964 1234 5035 promontorium
1253 4963 1337 5036 ipsum
1365 4964 1523 5017 inhabitent.
1541 4964 1616 5017 Idem
1638 4982 1671 5016 ex
1684 4964 1755 5017 Juha
1769 4984 1813 5017 no·

202 5032 246 5085 din
259 5035 356 5087 metius
375 5033 520 5098 habebunt,
535 5036 556 5089 ai
579 5035 614 5088 ab
634 5035 703 5088 Indo
724 5036 910 5108 pmlieiscmim
925 5056 986 5093 nam
1031 5052 1110 5094 stram
1120 5044 1311 5112 navigationem
1320 5045 1539 5114 perstringensita
1549 5043 1671 5108 dicitvr,
1682 5048 1729 5109 ab,
1741 5048 1810 5111 §972

203 5128 293 5168 rerem
305 5122 389 5165 sunta
398 5112 469 5167 Ptin
480 5115 548 5166 ostio
560 5132 644 5184 usque
652 5113 687 5166 ad
695 5119 835 5186 Snrnnenrn·
844 5127 870 5169 ct
883 5117 988 5170 Purattt
1032 5122 1096 5172 Herc
1106 5122 1438 5193 tnrreendignnpmdentnr.
1448 5123 1530 5176 Arbis
1541 5122 1658 5193 (sicem.
1670 5120 1811 5183 Harduin.;

205 5187 316 5241 ttnrtun
331 5190 415 5245 stadia
430 5194 591 5254 rodo-1080.
605 5192 656 5247 Sed
670 5204 853 5264 argumentum
866 5196 928 5249 hinc
941 5212 985 5268 pc-
1032 5200 1065 5251 nb
1074 5198 1149 5253 hiset
1159 5201 1240 5254 Abies
1251 5200 1329 5256 codd.
1344 5200 1353 5273 )
1367 5202 1492 5275 oppidum
1504 5220 1521 5254 n
1536 5201 1654 5257 Nenrrlro
1665 5199 1810 5258 condituris
