3775 5750
592 359 643 420 DE
664 358 837 420 sctttctt
857 359 1152 423 CARYANDSNSE.
1559 359 1679 424 'xxxvtt

69 489 186 549 aliunde
199 488 274 548 bene
287 490 436 548 novimus.
454 490 668 549 Dedicationem
683 491 752 550 libri
769 512 785 550 e
808 493 852 550 sui
894 491 1061 551 narratione
1075 491 1245 567 longissime
1265 488 1381 549 absunt.
1401 490 1534 568 lienique
1552 492 1678 552 Marcia-

70 589 121 645 eri
136 607 220 645 more
236 587 324 644 Dium
336 586 451 664 Scylaci
468 587 618 646 effinxisse
631 589 774 665 suspicor,
789 589 854 646 sive
895 610 951 650 nus
963 591 1051 649 tradit
1062 590 1212 667 Scylacem
1224 589 1377 648 distantias
1391 591 1510 649 nonnisi
1522 594 1682 670 navigatio:

71 686 210 762 scriptum
222 684 259 742 de
272 684 459 759 navigatione
471 685 502 741 iu
515 682 590 741 lndo
601 683 692 742 fluuio
704 683 855 742 intellexe·
895 687 942 745 nis
956 685 1062 745 diebus
1075 684 1243 756 deliniisse;
1260 686 1338 762 quod
1353 685 1421 744 item
1447 687 1478 744 in
1497 699 1613 745 servato
1630 707 1681 766 pe·

72 784 117 854 rit,
127 781 347 860 siveperiplum
361 779 451 838 maris
459 778 673 849 Mediterranei,
689 777 774 863 cnjus
788 797 855 836 me·
899 782 1064 860 riplosecus
1073 779 1170 840 babet.
1180 785 1283 858 Itaque
1293 782 1318 840 si
1329 781 1547 859 quisScylacem
1555 783 1683 860 aliquem

72 876 203 936 morandi
212 876 497 956 aptamoccasiouem
507 875 716 953 olierrepotuit
726 875 854 952 primum
900 879 992 936 nostri
1017 878 1151 955 opusculi
1179 891 1324 936 auctorem
1346 879 1478 957 Philippi
1500 879 1683 958 temporibus

72 973 449 1042 dedlmtandriarolumen,
460 970 561 1047 inquo
575 969 725 1048 depriscis
739 989 856 1047 oraeop
900 973 1010 1031 vixisse
1025 987 1157 1044 censeat,
1169 976 1314 1033 sententia
1327 975 1401 1047 haec,
1417 988 1547 1034 veterum
1558 977 1685 1035 testimo·

72 1067 146 1146 pidis
175 1069 285 1144 quibus
310 1065 489 1125 Alexandria
514 1065 668 1135 suecessit,
693 1073 855 1122 sermonem
901 1069 1016 1128 uiorum
1031 1068 1170 1144 praesidio
1183 1069 1333 1142 destituta,
1349 1090 1410 1128 uon
1434 1073 1539 1130 nititur
1552 1073 1610 1132 nisi
1627 1074 1684 1132 lide

73 1177 170 1222 auctor
182 1163 319 1222 instituit
332 1162 412 1220 ldem
426 1162 498 1220 Ditts
510 1161 542 1220 in
556 1161 657 1218 eodem
677 1160 714 1218 de
730 1159 855 1218 Alexan·
901 1162 1089 1240 perambigua
1098 1163 1188 1234 tituli,
1208 1182 1294 1241 quem
1305 1164 1415 1242 praebet
1430 1165 1598 1225 libellorum
1611 1187 1685 1244 geo-

72 1261 133 1318 dria
143 1257 227 1316 libro
239 1259 326 1316 etiarn
337 1256 480 1316 llellaniei
494 1255 627 1314 meminit
640 1253 706 1332 (Fr.
720 1255 792 1313 llist.
807 1254 854 1326 tv,
901 1259 1109 1338 graphicorum
1125 1261 1270 1331 collectio,
1288 1262 1318 1318 in
1335 1281 1494 1340 quaquam
1507 1263 1685 1323 Pseudo-Di·

72 1375 98 1431 p.
106 1353 298 1432 397).Quare
306 1353 533 1411 nescioanidem
542 1353 581 1410 sit
589 1352 647 1409 Dio
655 1353 855 1418 Academicus.
902 1355 1050 1414 emarchus
1078 1368 1106 1413 et
1126 1355 1397 1416 Pseudo-Arrianus
1418 1358 1684 1435 deprehendantur,

72 1449 205 1526 Pompeii
218 1448 353 1524 aequalis,
364 1467 451 1525 quern
463 1448 688 1526 dereAEgyptia
695 1448 778 1521 juxta
791 1448 857 1506 liel-
902 1469 962 1507 non
983 1463 1026 1508 est
1041 1469 1109 1508 sane
1131 1471 1184 1508 cur
1198 1455 1314 1511 tertium
1328 1470 1382 1510 nos
1397 1453 1538 1511 miremur
1552 1453 1682 1514 Pseudo·

73 1546 199 1604 lanicum
217 1545 318 1604 laudat
331 1545 484 1604 Athenaeus
496 1566 526 1624 p.
547 1547 596 1614 st.
902 1545 1062 1623 Scylacem.

109 1651 158 1716 49.
174 1641 314 1718 Superest
325 1653 359 1699 ut
372 1640 557 1698 ostendamus
568 1659 602 1698 ea
618 1659 713 1717 quaes
728 1640 858 1717 Scylacis
944 1641 991 1700 50.
1006 1641 1160 1710 Quomodo
1176 1642 1281 1700 lactum
1296 1644 1334 1701 sit
1348 1658 1379 1702 ut
1388 1643 1518 1722 Scylacis
1533 1663 1638 1703 nomen
1650 1645 1686 1704 ad

73 1734 187 1812 periplo
194 1747 307 1794 veteres
315 1735 637 1813 scriptorestdducunt‚
647 1735 720 1792 nihil
728 1734 859 1813 praebere
903 1734 1024 1793 serioris
1045 1736 1099 1793 teri
1119 1737 1267 1815 periplum
1282 1739 1501 1811 transferretur,
1516 1739 1614 1798 dicere
1628 1761 1686 1799 non

74 1831 148 1906 quod
169 1841 315 1888 aretusto
336 1829 652 1908 logographoalienum
666 1833 742 1888 sitet
757 1847 859 1888 exsu-
902 1831 1006 1890 habeo.
1036 1831 1211 1892 betronnius
1233 1834 1263 1910 (Ἰ
1288 1848 1386 1894 censet
1412 1836 1575 1912 Scylacem,
1601 1855 1687 1914 quem

73 1925 191 2002 perstite
201 1925 714 2004 potiusperiplo,queminterann0s
730 1925 858 1994 san-336
902 1925 1007 1983 Strabo
1033 1928 1152 1986 nonnisi
1173 1929 1211 1987 de
1233 1931 1311 1988 dsiae
1331 1931 1455 1990 minoris
1479 1933 1553 1992 locis
1579 1933 1687 2003 laudet,

73 2023 213 2100 scripnrm
227 2039 299 2080 ‘esse
318 2021 496 2094 videbimus,
518 2022 638 2080 fluxisse
653 2035 797 2100 putemus.
818 2055 857 2068 --
904 2022 979 2081 nibil
991 2024 1049 2082 nisi
1065 2025 1141 2082 Asiae
1151 2026 1275 2086 minoris
1287 2029 1439 2105 paraplum
1452 2030 1615 2107 scripsisse,
1629 2051 1688 2107 quo

73 2119 176 2196 Scylax
198 2119 352 2178 Strabonis
368 2118 395 2175 Τ
396 2119 513 2177 roadem
538 2118 591 2177 dai
605 2116 715 2177 Ἀὃύδον
731 2117 859 2198 ἄρχεσθαι
903 2136 974 2176 usus
988 2119 1026 2176 sit
1038 2131 1137 2178 noster
1148 2135 1279 2180 auctore
1295 2124 1387 2193 ¹variis
1402 2124 1598 2202 scriptoribus
1612 2129 1689 2204 peri·

74 2215 183 2272 statuit.
202 2214 265 2272 lioe
283 2215 308 2272 si
325 2215 365 2272 ita
380 2214 581 2291 interpreteris
595 2225 628 2271 ut
642 2215 705 2290 ipsa
721 2211 857 2290 Abydus,
903 2213 985 2291 plum
1007 2234 1092 2273 suum
1112 2218 1276 2293 colligens:
1297 2219 1370 2278 adeo
1382 2231 1415 2278 ut
1428 2221 1526 2298 putari
1548 2223 1640 2299 possit
1651 2221 1688 2279 ab

74 2309 157 2384 cujus
178 2309 329 2384 regionem
344 2308 415 2366 olim
433 2307 527 2366 Troes
548 2308 678 2371 tenuisse
692 2307 857 2380 traduntur,
903 2307 958 2366 bac
981 2322 1063 2386 parte
1086 2311 1122 2368 ad
1145 2324 1236 2369 totum
1260 2312 1407 2392 periplum
1429 2313 1560 2391 Scylacis
1582 2335 1689 2375 nomen

74 2423 89 2461 a
102 2405 217 2463 Troade
224 2405 407 2477 excludatur,
421 2405 855 2483 concinitperiplussupetstes,
903 2403 1075 2462 translatum
1088 2423 1162 2466 esse.
1173 2413 1210 2465 At
1220 2405 1368 2485 Scylacem
1381 2409 1500 2467 nonnisi
1514 2411 1589 2467 Asia
1599 2412 1690 2468 mino·

73 2499 102 2556 in
117 2519 178 2574 quo
194 2498 315 2576 Abydus
324 2513 365 2558 est
377 2500 479 2558 ultima
491 2498 562 2558 urbs
575 2500 722 2577 Phrygiae.
737 2501 773 2556 dt
789 2499 859 2576 Scy·
903 2502 946 2558 ris
959 2502 1111 2580 paraplum
1122 2505 1275 2582 scripsisse
1285 2506 1359 2564 nibil
1370 2519 1414 2564 est
1425 2507 1504 2583 quod
1515 2510 1626 2584 probet,
1638 2507 1689 2565 sed

74 2597 121 2654 lax
132 2594 288 2655 Strabonis
303 2596 446 2674 Dionysio
459 2595 861 2673 ChalcidenseetEpltoroest
904 2610 1003 2656 vetant
1015 2600 1178 2676 complura.
1203 2599 1275 2658 Nam
1296 2601 1392 2660 obstat
1410 2601 1492 2660 locus
1508 2604 1632 2674 Avieni,
1656 2603 1687 2661 iu

75 2693 237 2769 antiquior,
251 2689 378 2768 ideoque
391 2691 498 2770 peripli
509 2689 673 2768 superstitis
685 2703 786 2748 auctor
797 2707 860 2748 esse
904 2713 963 2771 quo
978 2713 1090 2754 errasse
1103 2709 1249 2756 auctorem
1266 2697 1441 2757 letronnius
1459 2701 1573 2771 statuit3
1593 2698 1689 2757 obstat

75 2787 185 2864 nequit
196 2785 339 2844 Praeterea
350 2806 366 2844 e
377 2785 496 2866 Scylace
510 2787 619 2844 mentio
630 2786 662 2842 lit
669 2784 858 2857 Nestaeorum,
904 2809 995 2867 porro
1003 2792 1034 2848 in
1044 2792 1161 2870 periplo
1173 2794 1282 2851 mentio
1290 2792 1468 2865 leucarum,
1482 2795 1559 2851 Asiae
1566 2795 1690 2852 minoris

75 2883 178 2960 populi
192 2882 318 2959 lllyrici,
329 2894 357 2939 et
371 2882 519 2958 lllysorum
535 2882 679 2960 Bithyniae
693 2895 721 2941 et
741 2882 788 2941 Cii
803 2882 860 2941 flu·
905 2886 1019 2963 oppidi,
1038 2888 1118 2964 quod
1141 2908 1219 2946 anno
1237 2888 1353 2948 demum
1379 2890 1435 2947 383
1462 2890 1611 2947 conditum
1626 2902 1687 2960 est,

75 2979 134 3047 rii,
149 2977 227 3035 sicut
247 2978 278 3035 in
294 2990 393 3035 nostro
409 2996 525 3054 quoque
545 2978 662 3055 periplo
674 2990 860 3037 recensentur
905 2980 978 3038 adeo
999 2993 1032 3040 ut
1055 2982 1231 3041 letronnius
1251 3002 1371 3043 censere
1393 2984 1528 3043 debuerit
1541 2998 1689 3044 auctorem

76 3072 152 3130 desti
164 3084 194 3129 et
208 3071 342 3149 Mysiaet
355 3071 425 3129 Cius
442 3070 559 3130 fluvius.
574 3070 631 3129 Sed
647 3071 708 3129 baec
727 3090 817 3149 quum
829 3072 860 3131 in
905 3094 964 3133 non
984 3077 1144 3155 oppidum,
1171 3078 1222 3137 sed
1242 3080 1475 3157 promontorium
1495 3078 1627 3138 indicare
1639 3062 1699 3139 ro·¹

77 3169 180 3245 quavis
200 3188 260 3226 orae
275 3168 471 3246 descriptione
492 3168 658 3245 antiquiore
674 3168 861 3227 memoranda
905 3171 1011 3246 luisse;
1030 3172 1147 3232 obstant
1159 3174 1289 3251 denique
1304 3175 1427 3252 Nestaei,
1445 3174 1558 3253 lllyrii,
1585 3196 1690 3254 quose

77 3278 181 3336 essent,
194 3264 231 3322 ad
245 3282 307 3322 rem
329 3276 456 3322 nostram
473 3264 546 3322 nibil
556 3264 704 3343 pertinere
717 3265 800 3325 facile
814 3267 860 3325 in·
905 3266 1224 3344 Scylaoelaudatscbol.
1232 3272 1392 3347 Apollonii.
1402 3272 1497 3332 Porro
1505 3273 1580 3331 nihil
1593 3274 1690 3331 inesse

80 3361 194 3435 telligis,
208 3358 267 3417 nisi
281 3358 402 3417 sortasse
411 3356 518 3436 probes
539 3359 666 3418 rationes
677 3378 778 3418 eorum
791 3362 859 3437 qui,
906 3363 984 3420 Asiae
997 3364 1123 3422 minoris
1135 3364 1337 3443 descriptioni,
1353 3367 1432 3444 quod
1445 3370 1617 3445 scriptorem
1635 3365 1690 3424 Xe'

81 3474 166 3531 quum
181 3452 350 3532 Stephanus
369 3454 526 3531 Byzantius
545 3454 604 3513 duo
625 3476 684 3514 orae
705 3457 861 3515 maritimae
906 3458 1057 3536 nopbonte
1071 3460 1266 3537 antiquiorem
1279 3462 1395 3539 prodat,
1406 3462 1484 3521 inira
1495 3462 1689 3524 monebimus.

79 3547 298 3626 locaeScymno
307 3546 382 3607 Chio
392 3546 492 3607 aflerat
500 3568 565 3627 que
573 3553 860 3611 memoranturetiam
905 3552 991 3621 Quod
1003 3552 1108 3614 Strabo
1118 3553 1689 3617 bissolummododelocisad'lroadem

80 3646 108 3703 in
127 3646 276 3721 Anonymi
296 3645 440 3723 periegesi
461 3645 600 3719 iambica,
623 3645 693 3704 hinc
713 3648 860 3725 Anonymi
905 3660 934 3705 et
945 3649 1044 3706 vicina
1058 3650 1274 3726 pertinentibus
1287 3652 1437 3729 Scylacem
1450 3652 1558 3725 laudat,
1574 3653 1610 3710 ad
1628 3672 1688 3711 rem

81 3740 183 3798 librum
199 3739 414 3816 ScymnoCbio
436 3740 643 3799 vindicandum
659 3760 721 3801 esse
736 3762 857 3803 censue·
907 3762 1010 3820 parum
1035 3744 1118 3815 lacit,
1142 3764 1318 3823 quamquam
1346 3748 1391 3807 rel
1408 3748 1464 3806 ltoc
1486 3748 1691 3827 explicaveris

82 3848 159 3906 runt,
176 3835 305 3912 arreptis
315 3854 381 3911 quae
393 3834 467 3894 nibil
485 3834 620 3913 probant,
637 3837 776 3913 neglectis
788 3858 860 3897 vero
907 3840 979 3895 Nam
989 3838 1095 3897 Strabo
1108 3857 1145 3900 ex
1157 3843 1259 3919 paucis
1269 3843 1487 3921 notissimisque
1499 3843 1691 3922 geographia-

82 3949 140 4004 quar
161 3943 336 4009 repugnant.
350 3930 399 3989 Sic
415 3931 504 3991 uobis
522 3953 641 4011 quoque
654 3935 859 4011 negligendum
908 3952 973 3991 rum
985 3936 1180 4013 scriptoribus
1197 3958 1250 3997 sua
1262 3941 1395 4016 collegit,
1414 3960 1467 3999 nec
1482 3953 1611 3999 vetustos
1623 3940 1692 3999 illos

82 4026 150 4085 soret
173 4026 255 4103 quod
269 4026 376 4103 Scylax
395 4027 606 4089 Strabonianus
624 4030 697 4115 dicit
720 4034 861 4111 περιοικεῖν
908 4027 1107 4109 obscurusque
1119 4034 1300 4111 periplorum
1321 4034 1416 4094 libros
1434 4037 1526 4094 citare
1540 4036 1613 4094 solet
1634 4036 1692 4093 nisi

83 4120 123 4191 τὴν
138 4119 277 4179 linxerint
299 4121 395 4197 λίμνην
416 4123 526 4201 Φρύγας
539 4124 585 4183 καὶ
599 4126 722 4200 Marcie,
739 4148 804 4186 nam
829 4130 861 4187 in
909 4125 939 4181 in
964 4126 1141 4204 geographia
1169 4128 1337 4200 Homerica,
1359 4130 1475 4190 deliciis
1500 4132 1575 4199 suis,
1604 4150 1691 4206 quant

83 4229 175 4275 nostro
186 4218 305 4296 periplo
317 4232 494 4279 memoratur
502 4221 620 4298 quidem
635 4222 727 4300 llysia
739 4225 861 4301 provin·
908 4220 1088 4281 eruditorum
1098 4226 1351 4299 grammaticorum
1361 4247 1443 4285 more
1451 4241 1480 4285 et
1489 4228 1633 4285 ditissima
1640 4245 1689 4284 eo·

85 4314 140 4385 cia,
154 4314 206 4373 sed
223 4315 261 4373 de
275 4317 398 4375 Ascania
409 4317 475 4375 lacu
488 4317 611 4396 ejusque
625 4320 733 4380 accolis
745 4340 781 4381 ne
792 4342 860 4381 ver·
909 4336 972 4373 tum
983 4318 1370 4398 scriniausutpanstractare
1380 4323 1462 4382 solet.
1474 4322 1523 4378 Sic
1538 4322 1568 4379 in
1581 4321 1694 4378 descri-¹
1775 4346 1785 4363 ·

83 4406 145 4466 bum
165 4408 299 4486 quidem.
319 4409 414 4469 Porro
434 4412 543 4488 legitur
556 4414 588 4471 in
604 4416 719 4494 periplo
735 4416 859 4494 lllysiam
908 4414 1010 4489 ptione
1023 4412 1148 4473 Troadis
1162 4430 1382 4494 ceterarumque
1397 4419 1562 4492 regionum,
1577 4438 1641 4494 quae
1654 4419 1692 4475 ad

83 4504 223 4579 pertinere
233 4505 370 4591 usquead
380 4505 464 4564 Cium
477 4507 611 4568 fluvium.
624 4509 780 4588 Quopaetu
792 4512 861 4571 binc
907 4508 952 4566 τὸν
974 4509 1096 4587 Τρωικὸν
1114 4510 1256 4588 διάκοσμον
1276 4515 1434 4592 pertinent,
1457 4532 1493 4571 ex
1511 4514 1691 4589 autplissiuto

83 4598 135 4674 peti
146 4611 283 4675 poterant
297 4599 388 4659 verba
402 4600 564 4661 scholiastae
585 4604 733 4681 Apollonii
748 4627 754 4662 :
773 4606 859 4673 Κίος..
910 4605 1050 4665 [leutetrii
1064 4607 1176 4687 Scepsii
1189 4629 1278 4687 opere
1289 4630 1417 4688 persaepe
1435 4611 1548 4670 veteres
1561 4612 1692 4686 logogra·

83 4692 124 4761 τὴν
136 4692 242 4752 liuoior
257 4694 421 4773 asptppr'ur‘l
435 4694 577 4755 Praeterea
587 4717 651 4777 quat
667 4700 703 4757 de
718 4700 791 4759 freto
803 4702 862 4761 Ga·
909 4703 983 4779 phos
997 4704 1109 4777 laudat,
1124 4708 1155 4764 in
1166 4708 1273 4783 quibus
1286 4706 1451 4784 Scylacem,
1467 4708 1624 4765 dsiaticutn
1638 4706 1690 4763 bo-

83 4788 204 4846 ditanoe
218 4786 339 4865 Scylace
360 4790 489 4849 Avienus
503 4792 606 4863 allert,
629 4812 646 4850 a
659 4796 751 4853 nostri
766 4795 860 4856 libelli
909 4800 1018 4858 utinem
1032 4816 1060 4860 et
1080 4804 1324 4881 antiquissimum,
1341 4824 1399 4861 non
1415 4804 1555 4881 neglexit,
1570 4804 1638 4860 dum
1655 4802 1691 4857 dc

80 5004 85 5013 ι
109 4940 140 4999 l')
154 4941 299 4992 [strenuius
308 4943 333 4991 iu
343 4946 436 5005 Fragm.
447 4945 472 4995 d.
484 4960 582 5011 poemes
595 4948 674 5010 geogr.
685 4966 709 5013 p,
722 4957 768 5002 tto
780 4975 785 5003 :
796 4974 807 4997 ι
819 4958 884 5005 Tous
895 4955 930 5005 les
941 4970 1051 5019 passages
1057 4960 1088 5007 de
1100 4960 1187 5021 Scylax
1197 4960 1259 5011 cites
1271 4974 1314 5023 par
1324 4962 1358 5010 les
1368 4962 1464 5010 enciens
1477 4974 1540 5011 nese
1550 4967 1690 5022 rapportrnt

84 5006 134 5065 qn'l
143 5009 215 5060 l'aate
227 5013 350 5074 mineum
361 5014 377 5062 tt
389 5026 420 5063 en
428 5015 517 5068 rdsulte
526 5032 574 5067 une
581 5019 672 5082 grande
685 5022 826 5084 probabilitd
835 5038 883 5088 que
899 5026 921 5075 le
935 5026 994 5077 livre
1005 5028 1035 5077 de
1043 5028 1131 5089 scylax
1143 5033 1302 5082 nemutenait
1317 5046 1365 5094 que
1378 5033 1399 5081 le
1413 5031 1502 5093 periplo
1510 5031 1552 5081 des
1565 5033 1632 5081 cotis
1643 5036 1684 5095 qut

86 5078 206 5129 bnmienl
219 5082 243 5131 le
256 5082 338 5132 litarat
352 5083 383 5133 de
395 5084 466 5137 l’dsie
477 5089 595 5151 minorue,
605 5092 690 5155 depuis
701 5094 723 5143 le
735 5096 855 5159 llospltore
865 5094 977 5159 jusqu'en
991 5099 1081 5148 Cilicio.
1100 5100 1258 5163 cetotrrrage
1271 5104 1342 5153 serait
1356 5103 1419 5152 alors
1429 5103 1451 5150 la
1462 5114 1547 5150 source
1558 5101 1615 5151 d'oti
1626 5090 1695 5153 cette

86 5147 174 5227 portion
181 5148 213 5197 de
223 5151 294 5199 notre
307 5152 398 5214 periple
408 5157 534 5207 auraitetd
546 5158 619 5219 tiree;
633 5164 656 5210 et
665 5174 708 5223 par
721 5162 783 5213 lion
795 5165 953 5227 expliquersit
965 5167 1042 5216 relnit
1055 5169 1164 5219 constale'
1175 5170 1231 5233 plus
1241 5172 1307 5233 ltaut,
1320 5188 1368 5236 quc
1380 5174 1401 5224 la
1416 5170 1561 5235 description
1571 5172 1613 5225 dut
1623 5177 1691 5225 cotes

86 5217 113 5265 de
122 5216 190 5269 l’Asrc
202 5220 313 5271 mincure
322 5234 429 5275 maonee
444 5238 491 5277 une
503 5228 763 5292 dpoqueanldrieurc'a
779 5236 801 5285 la
817 5234 913 5287 rctralte
927 5237 971 5287 des
979 5237 1114 5287 Dis-Mitte.
1129 5256 1140 5281 ν
