3775 5750
551 353 603 414 DE
623 354 812 415 llllNNONli
833 352 1186 417 cstttfltfittttttttst.
1610 372 1673 414 xxv

50 482 175 541 Cosmae
196 482 408 561 Topograplsia
427 481 592 541 Christiana
614 484 799 561 perdurarit,
817 498 847 543 et
891 508 957 565 quae
984 487 1061 565 apud
1082 506 1132 547 eos
1147 487 1298 545 Hannonis
1316 486 1435 547 nomine
1457 485 1674 557 aduentantis

51 582 199 657 Dionysii
213 580 348 638 ἀνόπλων
364 579 502 658 Βοσιεόρου
515 580 635 639 nonnisi
646 580 753 639 ePetri
762 581 847 640 Gillii
890 583 1030 641 uberiore
1042 584 1142 660 aliquo
1152 584 1231 641 libro
1242 584 1289 658 (ea
1300 588 1449 641 Hannonis
1456 592 1672 656 conmentario,

49 680 248 753 DeBosporo
261 693 352 751 opere
372 674 511 731 norimus
527 694 535 731 z
555 674 693 732 similiter
703 674 760 733 hoc
773 694 847 751 quo·
889 691 923 736 ut
930 678 1047 737 Plinius
1054 676 1274 755 aitllluastuut,
1285 678 1497 754 quingenuino
1506 698 1566 737 non
1576 678 1675 739 minus

50 770 270 845 quePunicum
278 780 497 826 monumentum
505 768 538 825 iu
545 769 741 846 geographico
748 770 848 846 aliquo
889 772 1046 833 dilierebst
1057 794 1145 851 quam
1166 773 1203 831 ab
1221 774 1346 832 Arriano
1362 774 1673 838 Pseudocallisthenes.

51 884 149 941 opere
161 866 260 921 locum
270 862 419 921 invenisse
429 874 460 919 et
471 862 542 920 hino
552 862 735 940 depromtum
748 877 848 941 postea
930 872 981 931 ³6.
991 869 1092 927 Graeca
1109 881 1218 942 nostra,
1231 890 1296 947 quae
1309 890 1385 929 unus
1399 869 1491 929 codex
1503 870 1675 930 lleidelber-

52 960 218 1035 separatim
241 957 353 1016 editum
373 976 437 1015 esse
454 957 600 1035 suspicor.
621 957 708 1035 Apud
728 958 848 1018 Suidam
889 968 987 1041 gensis
1000 964 1130 1036 exhibet,
1146 966 1178 1023 in
1200 965 1350 1023 nonnullis
1364 978 1463 1042 aperte
1479 984 1581 1023 manca
1595 978 1673 1025 suut.

53 1055 197 1112 laudatur
217 1052 335 1111 Charon
360 1052 480 1130 quidam
501 1052 766 1129 Carthaginiensis,
791 1057 848 1115 πεί
890 1059 930 1117 Ut
942 1061 1054 1117 mittant
1066 1057 1255 1118 librariorum
1270 1058 1430 1138 sphalmata
1444 1060 1576 1132 minora,
1590 1061 1674 1119 deai-

54 1151 165 1208 inoerti
180 1149 350 1218 historicus,
365 1149 417 1225 qui
426 1148 696 1227 scripsissedicitur
709 1151 849 1229 τυράννους
889 1154 1030 1213 derantur
1051 1153 1196 1213 distantiae
1210 1153 1360 1226 locorum,
1382 1172 1448 1231 quoe
1468 1166 1535 1212 sunt
1556 1154 1675 1231 atty-

51 1244 111 1303 ὅσοι
123 1248 202 1323 ise]
221 1244 337 1321 Εὐρώπῃ
351 1241 396 1301 καὶ
408 1241 484 1323 ’Λείᾳ
494 1243 633 1323 γεγόνασι,
650 1244 727 1311 Βίους
740 1245 848 1314 lividius
891 1251 1026 1308 misterio
1041 1250 1076 1307 ad
1090 1248 1195 1307 Lixum
1212 1248 1352 1319 fluvium,
1377 1261 1531 1327 corruptus
1548 1268 1620 1307 vero
1632 1262 1676 1308 est

52 1343 160 1418 εἐνδρῶν
176 1342 205 1397 is
216 1339 327 1419 βιόλίοες
340 1338 373 1411 δ’,
384 1338 460 1406 Βίους
472 1340 569 1414 ὁμοίως
579 1346 709 1418 γυναικῶν
719 1342 788 1402 lvi'.
802 1344 848 1402 Ad
890 1364 1031 1403 numerus
1047 1344 1178 1420 dierum,
1192 1364 1252 1421 quo
1265 1342 1366 1401 aLiso
1381 1343 1416 1401 ad
1426 1342 1539 1401 Cernen
1549 1344 1674 1403 insulam

52 1438 185 1494 eundem
202 1456 279 1495 vero
308 1449 455 1493 auctorem
484 1436 636 1496 reserenda
655 1437 734 1496 haud
758 1436 849 1497 dubie
891 1442 995 1500 llanno
1018 1441 1187 1519 pervenisse
1209 1440 1330 1500 dicitur.
1354 1438 1426 1498 Num
1442 1440 1509 1510 alia,
1531 1460 1596 1517 quae
1611 1442 1672 1517 jam

53 1546 126 1589 sunt
133 1530 496 1609 quaeperperamCharoni
508 1536 705 1610 Lampsaceno
715 1532 849 1592 tribuun-
890 1536 1030 1612 indagare
1050 1554 1110 1593 non
1131 1534 1227 1605 lioeat,
1245 1534 1417 1607 exciderint,
1441 1536 1554 1605 nescio;
1569 1554 1674 1612 quam-

53 1640 104 1683 tur
125 1625 268 1685 Arduad
293 1638 322 1683 et
350 1624 531 1703 περίπλους
564 1630 625 1685 τῶν
660 1628 751 1694 ίετὸς
783 1630 847 1687 τῶν
890 1630 1674 1709 quamintantslihellorumnostrorumcorruptione

52 1722 274 1802 Ἡρακλείων
288 1722 437 1792 στηλῶν.
447 1721 514 1781 Jatn
529 1723 593 1781 fieri
601 1723 654 1781 vix
665 1726 762 1803 potuit
772 1729 846 1801 quin
889 1727 968 1785 ultro
979 1726 1040 1785 hoec
1054 1726 1177 1803 questio
1190 1745 1253 1785 sese
1264 1726 1361 1785 offert.

53 1818 177 1875 Charon
202 1817 379 1891 Carthagine
391 1818 480 1875 vitam
494 1836 583 1895 agens
603 1819 635 1877 in
655 1820 773 1897 periplo
794 1821 847 1880 illo
931 1822 1675 1895 37.lleitinerariollanuonismaritimoindirersas

52 1914 206 1972 Punicum
244 1913 397 1971 Hannonis
421 1927 641 1973 monumentum
676 1916 845 1992 negligeret.
874 1918 1048 1976 sententias
1059 1918 1119 1977 viri
1128 1918 1206 1976 docti
1216 1916 1360 1977 abierunt.
1369 1916 1463 1977 Causa
1475 1918 1625 1977 dissensus
1638 1936 1675 1975 ex

54 2008 140 2069 ldem
162 2010 269 2068 titulus
287 2008 409 2067 fortasse
419 2008 571 2085 legebatur
588 2011 676 2069 etiam
687 2012 719 2070 in
729 2012 848 2093 (lphelae
889 2013 1098 2091 partequidem
1111 2014 1207 2092 posits
1216 2027 1259 2073 est
1269 2014 1300 2072 in
1310 2014 1513 2073 distantiarum
1526 2014 1676 2073 notatione
1762 2002 1774 2031 ί

53 2106 196 2187 Cyrenaei
211 2104 332 2182 Periplo
354 2103 402 2183 (ν.
418 2124 515 2182 supra
529 2106 626 2182 534),
639 2126 725 2183 quem
744 2109 848 2184 quinto
890 2112 937 2169 vel
953 2130 1055 2169 manca
1068 2110 1115 2169 vel
1136 2122 1286 2188 corrupta,
1304 2110 1451 2187 precipue
1475 2122 1569 2167 autem
1589 2128 1675 2167 exeo

53 2214 123 2277 post
148 2200 300 2257 Christum
319 2199 418 2257 seculo
447 2201 532 2258 novit
552 2200 648 2259 adhue
680 2200 848 2265 Marcianus
890 2206 983 2283 repeti
995 2203 1096 2279 debet,
1111 2204 1190 2281 quod
1210 2224 1276 2281 quar
1287 2204 1324 2262 de
1339 2204 1433 2263 Cerne
1456 2204 1552 2263 insuta
1567 2204 1674 2281 Scylax

53 2295 244 2353 Heracleota.
259 2292 435 2369 Cuiusmodi
452 2293 562 2373 peripli
583 2314 674 2372 quum
689 2315 707 2354 a
719 2316 845 2376 perpau·
890 2316 920 2361 et
933 2302 1049 2361 Plinius
1063 2315 1092 2363 et
1108 2302 1279 2361 Ptolemnus
1288 2301 1415 2372 tradunt,
1427 2300 1479 2359 alii
1495 2320 1561 2361 eum
1575 2314 1676 2361 nostra

52 2392 97 2448 eis
126 2392 311 2465 legerentur,
333 2386 485 2448 llauuooia
508 2391 623 2469 pagella
646 2391 699 2450 diu
728 2392 848 2452 latuisse
890 2399 1061 2459 narratione
1079 2399 1263 2459 musiliamri
1277 2397 1417 2476 quadrata
1431 2396 1557 2475 jungere
1570 2410 1676 2459 rotua-

51 2488 231 2559 ridetur,et
245 2485 367 2548 tortasse
384 2483 423 2543 iis
432 2484 550 2545 demum
563 2487 764 2565 tenporibus,
779 2490 846 2567 qai·
889 2493 939 2553 dis
955 2494 1166 2566 instituerunt,
1186 2491 1238 2555 sat
1253 2508 1325 2555 tero
1346 2492 1499 2571 ονμρεείεν
1517 2492 1604 2553 istam
1627 2493 1675 2553 rel

51 2580 110 2640 hos
134 2581 293 2657 Byzantini
318 2579 427 2639 multos
450 2580 645 2643 obscurorum
669 2583 847 2662 scriptorum
889 2588 1012 2669 ἀνρεσίεν
1027 2587 1252 2661 οενεενεεε,,ἰεεε
1273 2586 1427 2647 llsunonis
1444 2587 1676 2667 nonaisisapa·

52 2679 179 2737 libellos
189 2677 441 2755 geograpltlooain
452 2696 545 2737 unum
556 2692 709 2758 syntagma
716 2681 848 2758 eollege-
890 2686 976 2763 riplo
992 2697 1093 2745 nostro
1116 2684 1249 2763 expediri
1267 2700 1353 2763 passe
1371 2684 1535 2745 nomine
1553 2702 1675 2745 oeaaue·

52 2786 138 2844 rsnt,
155 2772 256 2831 &nuo
268 2774 300 2831 in
313 2772 408 2831 tsoen
420 2782 587 2852 protractus
598 2788 653 2834 est.
664 2776 848 2852 tteqoecos
889 2794 971 2841 runt.
996 2780 1107 2839 lloruna
1126 2798 1182 2839 uss
1198 2779 1289 2856 tegern
1311 2779 1403 2839 sectati
1425 2779 1568 2841 rationem
1592 2778 1675 2839 navi·

52 2868 360 2949 nelinslieposneque
368 2871 848 2952 Pomponiualdelaneqaestraho
889 2877 1029 2953 gationis,
1040 2891 1127 2954 quam
1136 2875 1229 2936 fusius
1239 2873 1270 2933 iu
1279 2873 1674 2956 aunoutioneexposuimus,

53 2983 157 3044 neque
167 2965 286 3024 Plinius
310 2977 442 3025 nostrum
458 2967 601 3046 seriptum
619 2983 777 3039 noverunt,
795 2968 847 3030 sed
890 2969 994 3048 paucis
1012 2967 1388 3047 nunccompreheudamus.

60 3306 340 3356 tnteadsotoeotsn
357 3308 548 3370 promontorium
562 3311 635 3371 (cup
655 3309 767 3369 contin)
770 3341 1376 3358 ........................
1438 3309 1451 3333 “

60 3375 62 3417 ἶ
83 3377 147 3426 lude
160 3376 193 3424 ad
207 3379 320 3438 stagnum
331 3377 460 3439 junoosum
476 3379 516 3440 (iu
531 3379 626 3441 regione
637 3377 761 3427 hodierno
775 3377 844 3440 sest)
844 3409 1376 3429 .....................
1422 3389 1428 3410 ·
1499 3391 1505 3410 ·
1617 3391 1622 3408 ·

81 3451 163 3497 Juxta
176 3461 235 3496 eum
253 3463 332 3512 usquo
342 3450 372 3498 ad
383 3453 496 3500 carim
508 3451 591 3500 helias
603 3451 719 3512 (spousi
718 3482 1247 3500 .....................
1250 3451 1254 3462 “
1266 3479 1378 3496 ·····

61 3525 63 3552 ί
83 3521 151 3570 llius
159 3532 209 3601 per
220 3523 327 3581 uyttso,
340 3525 441 3579 Anam,
457 3521 577 3572 melitium
583 3521 729 3584 ‚Arambys
740 3522 771 3570 ad
783 3520 872 3572 Lixum
884 3522 1026 3582 (Acestes.
1043 3519 1142 3580 Dran).
1162 3551 1168 3565 .
1187 3553 1194 3567 .
1213 3527 1221 3566 ;
1239 3551 1376 3568 ......
1440 3517 1452 3541 '

63 3623 68 3653 l

61 3683 64 3716 ς
85 3660 250 3710 luderemus
265 3664 347 3711 ortum
358 3663 389 3712 ad
404 3663 517 3712 censen
509 3677 556 3713 ms.
570 3663 694 3726 (nemer
703 3662 848 3724 Amostae)
849 3691 1377 3713 .....................

61 3719 64 3794 ξ
85 3732 145 3780 tude
158 3745 203 3792 per
214 3733 404 3781 chronetenll.
420 3735 457 3794 (s.
469 3735 551 3794 leon)
562 3733 593 3781 sd
607 3735 702 3795 laeum,
714 3733 740 3782 iu
753 3746 802 3795 quo
816 3735 866 3781 tres
877 3733 965 3783 insulas
978 3735 1056 3782 cerna
1072 3730 1325 3793 instantiores..

84 3805 147 3852 tude
160 3803 194 3852 sd
204 3803 307 3852 tortum
318 3803 450 3852 conditos
460 3806 486 3852 et
496 3803 682 3866 hippupotsruos
692 3803 797 3853 alentem
811 3804 949 3866 (δεοεραί)
951 3835 1376 3854 .................

63 3867 68 3935 ξ
84 3874 146 3923 lude
162 3874 237 3924 rediit
253 3877 338 3922 Βεεεεεο
353 3875 377 3922 iu
393 3875 487 3924 &rnen
502 3873 605 3922 insulam
607 3906 1376 3924 ..............................

64 3996 67 4009 ,
84 3951 103 3994 Α
114 3946 198 3992 cerus
208 3943 240 3992 ad
252 3947 346 3992 montes
355 3944 456 3994 silvosus
469 3945 542 4007 (cap
556 3943 629 4005 γετί)
631 3975 1376 3994 .............................

62 4023 64 4088 j
85 4014 146 4062 lude
156 4013 189 4061 ad
202 4017 299 4062 vnum
313 4016 388 4062 utaris
398 4015 492 4065 hiatum
505 4015 582 4075 (ostia
595 4013 709 4064 Gumdloe
721 4013 762 4076 il.)
766 4048 1377 4065 ........................

62 4089 64 4117 '²
84 4085 147 4134 luds
157 4083 191 4132 ad
204 4086 302 4146 llespui
313 4087 396 4146 eorus
411 4086 456 4146 (ad
471 4089 590 4147 Βίεεαρυε
601 4086 656 4135 lnss.
671 4087 697 4135 et
708 4089 755 4136 ltlo
769 4087 889 4148 Grande)
893 4117 1376 4136 ...................

63 4187 64 4208 t
86 4156 146 4205 ,ΜΘ
156 4155 191 4204 ss
199 4156 283 4204 Μ
294 4157 396 4206 ΝίΙθΜ
408 4160 495 4217 (uim
505 4159 609 4218 sayra)
613 4187 1377 4209 ..............................

64 4246 67 4260 ·
84 4227 146 4277 lude
157 4226 191 4275 sd
202 4226 258 4276 ttott
270 4229 346 4277 ceras
357 4229 448 4291 (prope
459 4229 565 4279 insulam
576 4226 715 4290 stetero)
718 4259 1377 4279 ..........................

97 4457 245 4535 inpriore
254 4457 450 4532 navigationis
458 4470 550 4537 parte,
560 4475 626 4534 quae
636 4475 730 4531 usque
737 4455 772 4513 ad
781 4455 848 4514 Cen
892 4455 1050 4524 Gaditano,
1063 4453 1186 4513 multum
1201 4472 1352 4532 superans.
1369 4451 1523 4524 llncnsqtte
1539 4461 1607 4506 sunt
1617 4449 1677 4508 lere

61 4575 116 4612 nen
126 4554 256 4612 insulam
270 4555 407 4632 pertinet,
421 4567 453 4612 ut
462 4572 564 4612 manca
577 4554 708 4632 suppleri
721 4553 845 4630 possint,
893 4550 988 4608 sexies
1001 4549 1083 4607 mille
1095 4547 1199 4617 stadia,
1214 4567 1279 4624 quae
1291 4567 1327 4604 ex
1341 4545 1453 4618 vulgari
1469 4557 1604 4622 computo
1614 4545 1677 4602 elli·

61 4649 194 4728 apprime
212 4648 281 4706 facit
295 4647 387 4708 Lixus
408 4649 526 4709 fluvius.
546 4647 575 4706 ls
591 4650 682 4721 enim,
697 4667 787 4724 quum
810 4647 849 4705 sit
892 4648 975 4704 ciunt
995 4645 1191 4720 navigationis
1213 4643 1276 4701 dies
1302 4639 1471 4712 duotlecim3
1495 4653 1524 4698 et
1548 4653 1589 4699 tot
1614 4641 1677 4699 dies

61 4744 143 4822 μέγας
154 4743 275 4820 neseph<
289 4741 343 4801 dnh
356 4746 403 4813 τῆς
416 4742 518 4813 lindius
530 4741 607 4822 ῥέων,
623 4742 692 4801 inde
702 4761 788 4819 aquo
800 4741 848 4811 τὴν
892 4760 985 4818 usque
997 4741 1033 4798 ad
1045 4739 1149 4798 Lixum
1166 4739 1287 4796 lluvium
1304 4748 1493 4794 nutrierantur
1511 4737 1541 4794 in
1556 4735 1676 4812 Periplo

61 4838 164 4917 ἐρήμην
180 4838 285 4896 Hanno
291 4838 558 4916 praetetnarigavit‚
571 4837 708 4896 assumtis
717 4837 769 4914 qui
779 4840 849 4894 ulte·
892 4836 1031 4913 Scylacis.
1042 4834 1100 4893 Nec
1108 4835 1191 4892 aliter
1203 4832 1306 4890 llanno
1320 4834 1459 4889 statuerit.
1474 4829 1575 4908 ltaque
1586 4850 1675 4907 quum

61 4937 174 4992 riorum
189 4934 320 5009 gentium
332 4932 461 5008 linguam
474 4930 846 5010 callerentintetpretibus:
892 4931 990 4990 Solois
1006 4950 1102 5008 prom.
1118 4939 1217 5006 aperte
1230 4927 1268 4988 sit
1281 4929 1342 5004 Cap
1354 4927 1467 5000 Cantin,
1482 4925 1560 5002 quod
1573 4943 1589 4982 a
1602 4929 1676 4981 Mn-

62 5031 152 5106 quaeri
170 5031 305 5107 nuspiam
329 5042 425 5106 potest
444 5029 502 5087 nisi
516 5029 552 5087 ad
576 5027 705 5086 conliuia
725 5029 850 5084 Saliam:
893 5048 972 5084 mora
993 5028 1057 5084 sire
1070 5022 1272 5100 'l'ltytniaterio
1285 5023 1371 5082 distet
1395 5023 1470 5080 1800
1493 5021 1552 5080 sere
1566 5019 1673 5086 stadio,

63 5125 179 5195 deserti,
195 5123 249 5182 uhi
263 5143 344 5182 nunc
366 5123 427 5181 exit
444 5127 524 5179 Dran
542 5123 587 5182 vel
604 5121 847 5194 Acasseiluvius,
892 5121 1044 5198 hucusque
1077 5117 1263 5198 computandi
1293 5129 1361 5176 sunt
1387 5114 1583 5190 navigationis
1613 5114 1676 5172 ilius

64 5239 163 5280 citisus
175 5217 364 5297 longitudine
378 5219 507 5296 reliquus
521 5219 651 5296 quisunt
666 5217 734 5277 inde
745 5237 763 5276 a
775 5217 848 5277 lreto
894 5215 911 5276 3
927 5234 933 5253 ¹
938 5223 963 5289 l,
977 5215 1021 5274 vel
1042 5216 1140 5294 potius
1156 5216 1219 5275 dies
1231 5223 1264 5288 1.,
1279 5212 1419 5291 quoniam
1436 5211 1532 5269 stactis
1547 5209 1675 5268 numeris
