3775 5750
997 323 1037 373 st*

205 420 802 590 luvulvxexov,
1046 426 1638 605 iuventamn,

384 686 431 733 ΩΣ
451 685 627 744 curarat,
1181 690 1250 745 ¹U'l'
1284 690 1486 749 NENTUR,

412 822 548 868 MhthN
568 823 606 867 ΔΕ
1241 830 1351 872 Portus
1371 831 1451 874 vano

326 979 692 1075 ΑΘΗΝΑΙΟΥ
1159 981 1521 1081 ATHENAEI

135 1194 571 1279 nervuruxnex
608 1192 883 1274 cranaos
966 1199 1428 1283 nnscnvrrroms
1460 1204 1723 1285 ennena

282 1406 583 1465 ΔΠΟΣΙῙΑΣΜΑΤΑ
608 1400 738 1476 ΤΡΙΑ.]
1161 1394 1389 1455 FRAGMENTA
1410 1398 1530 1473 vitta]

431 1582 592 1605 unm-
1271 1584 1431 1609 „au—u-

400 1721 410 1798 (
425 1720 622 1781 nottrvtlor
1239 1720 1440 1795 (ATHENAEI

115 1888 250 1940 ΠΟΛΕΩΝ
266 1887 446 1935 ΣΚΩΜΜᾸΤΑ
458 1888 512 1935 ltst
529 1888 601 1935 ΟΔΟΙ
623 1888 678 1934 Khl
691 1882 908 1949 ΠΕΡΙΠΔΟΥΣ.)
993 1892 1024 1935 ΙΝ
1047 1892 1141 1935 URBES
1161 1892 1308 1935 DICTENIA
1328 1894 1366 1936 ΕΤ
1387 1894 1448 1935 VIAE
1468 1894 1505 1936 ΕΤ
1527 1886 1710 1951 pantenus.)
1742 1918 1743 1925 ν

494 2168 535 2228 h'.
1339 2164 1362 2220 l.

160 2320 298 2380 Ἐντεῦθεν
318 2322 354 2387 εἷς
369 2320 399 2379 τὸ
410 2318 552 2391 Ἀθηναίων
570 2318 692 2379 ἔπεισιν*
707 2318 786 2378 ἄστυ·
806 2320 863 2387 ὁδὸς
882 2320 909 2379 δὲ
990 2326 1058 2378 ilinc
1067 2342 1156 2378 versus
1170 2324 1369 2378 Atheniensium
1378 2334 1519 2393 properant
1530 2324 1688 2395 [ἐπείγουσιν]
1701 2344 1745 2377 ur-

120 2412 197 2479 ἠθεῑα
207 2453 216 2481 ,
228 2408 411 2489 γεωργουμένη
425 2417 510 2483 πᾶσα,
518 2407 616 2487 ἔχουσά
626 2408 670 2486 [τε
681 2408 692 2485 ]
705 2412 738 2487 τῇ
748 2407 805 2488 ὅθεν
815 2409 908 2488 ριλάν-
954 2410 1028 2475 bem;
1039 2413 1198 2475 viaamoena,
1206 2409 1275 2462 culta
1285 2420 1349 2473 tota,
1356 2409 1544 2493 humanitatem
1553 2428 1606 2480 prae
1613 2429 1641 2463 se
1649 2410 1742 2463 serens.

156 2618 225 2681 Quae
236 2619 383 2680 sequuntur
402 2606 547 2677 fragmenta
566 2608 704 2679 velpotius
716 2620 838 2680 excerpta
850 2610 910 2675 tria,
959 2610 1057 2664 codicis
1079 2612 1129 2673 443
1152 2610 1252 2663 indicio
1275 2610 1390 2683 quodam
1408 2611 1557 2664 suhsistam.
1580 2614 1684 2665 Etenim
1704 2633 1747 2667 ev-

120 2714 153 2747 ex
164 2692 275 2746 Graecias
291 2688 468 2759 descriptione
476 2689 574 2759 aliqua,
588 2686 704 2743 fortassis
715 2690 793 2740 etiam
808 2687 912 2758 emajo·
961 2701 1049 2761 cerpta
1061 2692 1142 2743 nostri
1154 2692 1288 2761 scriptoris
1303 2691 1329 2741 in
1341 2690 1534 2761 antiquioribus
1545 2690 1618 2743 lilnis
1632 2691 1748 2763 pleniora

120 2778 161 2827 ris
177 2770 292 2824 ambitus
309 2786 389 2839 opere
399 2768 587 2839 geographico,
606 2769 686 2838 petita
702 2778 772 2821 sunt.
794 2769 913 2821 Primum
961 2770 1098 2833 exstitisse,
1113 2787 1162 2821 nec
1178 2780 1276 2821 temere
1293 2772 1374 2821 mixta
1387 2770 1478 2822 alienis
1492 2769 1571 2822 luisse
1587 2780 1643 2823 tum
1657 2790 1704 2843 per
1721 2793 1749 2825 se

122 2868 204 2928 atque
216 2852 324 2906 tertium
335 2850 461 2904 exhibent
472 2849 556 2904 codex
568 2850 703 2903 Parisinus
713 2848 805 2921 Suppl.
816 2851 850 2904 N.
861 2851 913 2914 443
961 2859 1164 2902 consentaneum
1179 2860 1233 2914 est,
1248 2859 1305 2902 tum
1320 2848 1382 2902 inde
1392 2850 1522 2920 colligitur
1533 2848 1604 2921 quod
1617 2852 1643 2904 in
1658 2854 1752 2918 codiee¹

121 2954 154 3007 p.
170 2938 220 2996 ul,
238 2948 296 3001 sqq.
308 2929 418 2998 ejusque
431 2930 612 3000 apographum
627 2931 797 2982 Vaticanum.
807 2933 839 2982 In
851 2947 915 3000 apo-
962 2929 1013 2990 443
1031 2945 1059 3000 p.
1078 2931 1227 2996 106(sieut
1252 2931 1279 2981 in
1301 2947 1391 3000 apogr.
1411 2932 1497 2982 Vatic.
1524 2929 1569 2982 sol.
1592 2931 1643 2984 236
1662 2939 1750 3002 recte)

122 3014 226 3084 grapho
238 3010 390 3064 hlonaoeusi
411 3009 479 3077 (sol.
500 3011 581 3079 52·57
596 3011 656 3076 V0)
670 3009 776 3062 nonnisi
797 3011 914 3080 primum
961 3017 1045 3060 exstat
1056 3008 1168 3062 titulus:
1188 3007 1346 3075 Ἀθηναίου
1367 3009 1488 3062 πόλεων
1511 3011 1680 3080 σκώμματα
1701 3016 1751 3066 καὶ

121 3094 216 3158 habes,
227 3088 348 3160 nequeid
363 3090 588 3158 integrum3nam
603 3087 700 3141 desinit
716 3088 744 3140 in
757 3088 837 3141 verba
853 3088 915 3158 ἁμα-
962 3085 1032 3138 deal
1059 3088 1111 3140 ael
1138 3087 1317 3158 περίπλους,
1342 3088 1407 3140 nihil
1428 3106 1491 3140 vero
1512 3089 1551 3140 vel
1574 3091 1751 3160 praeeeditvel

121 3173 230 3239 ξήλατος
248 3175 296 3221 τῶν
313 3167 406 3238 ἀγρῶν,
430 3166 575 3238 deperditis
594 3167 710 3237 reliquis.
728 3167 915 3234 fragmentum
963 3165 1131 3236 subsequitur
1147 3167 1218 3238 quod
1240 3166 1330 3220 referri
1344 3166 1377 3218 ad
1391 3185 1451 3219 eum
1464 3167 1561 3237 possit,¹
1579 3186 1639 3220 narn
1654 3188 1750 3240 praece-

122 3250 271 3306 secundum
283 3257 363 3316 atque
378 3248 448 3300 tertii
460 3247 565 3299 initium
577 3245 678 3316 praebet
687 3244 770 3298 codex
782 3247 915 3298 Parisinus
962 3244 1002 3298 dit
1016 3246 1128 3316 scytacis
1145 3247 1278 3317 Periplus,
1294 3255 1441 3316 sequuntur
1452 3245 1562 3298 Stathmi
1576 3247 1689 3301 Parthici
1702 3254 1752 3305 lsi-'

121 3333 159 3384 N.
174 3331 237 3400 571,
257 3327 302 3382 sot.
322 3327 376 3388 430
396 3336 423 3378 et
435 3324 519 3379 codex
539 3324 693 3389 Gudianus,
714 3342 801 3395 equo
814 3326 916 3395 primus
963 3322 1022 3376 dori
1050 3325 1204 3378 Characeni.
1226 3329 1316 3392 Quare
1339 3323 1448 3377 indicari
1472 3323 1589 3376 Athenaei
1615 3326 1750 3395 cujusdam

123 3407 260 3464 edendum
273 3406 375 3459 curavit
398 3407 426 3458 in
444 3404 566 3458 Hudsoni
585 3404 748 3476 Geographis
766 3407 855 3472 (tom.
873 3407 914 3469 11,
963 3420 1031 3472 opus
1055 3401 1130 3472 cujus
1156 3404 1261 3456 titulum
1282 3403 1404 3456 librarius
1423 3412 1547 3473 conupte
1570 3402 1749 3476 adscripserit,

123 3490 186 3540 init.
210 3489 223 3556 )
242 3485 388 3539 Fabricius.
408 3485 513 3536 Nomen
533 3485 648 3536 auctoris
668 3482 811 3552 titulusque
830 3484 916 3552 operis
965 3483 1051 3552 ipsum
1066 3501 1128 3534 vero
1148 3501 1216 3554 opus
1238 3481 1325 3552 ejusve
1346 3481 1490 3551 fragmenta
1501 3483 1628 3545 omiserit,
1649 3491 1751 3541 censuit

123 3583 257 3638 nusqmm
264 3562 460 3618 adscribuntur.
470 3564 575 3616 Etenim
586 3561 762 3630 fragmentum
771 3560 916 3614 meandum
965 3562 1124 3614 Letronnius
1139 3563 1250 3629 (Poem.
1267 3563 1354 3628 geogr.
1369 3578 1396 3631 p.
1414 3561 1464 3614 265
1479 3565 1499 3629 ).
1513 3562 1588 3612 Vana
1600 3562 1677 3615 ctiam
1690 3577 1752 3619 sunt

125 3647 154 3698 io
173 3643 235 3698 cod.
257 3645 305 3713 571
331 3643 460 3712 excerptis
480 3641 661 3696 Strabonianis
683 3641 719 3692 ita
738 3639 915 3712 subjungitru,
964 3657 1023 3709 quae
1033 3640 1190 3710 ipsetentavi
1200 3641 1226 3693 in
1237 3641 1281 3692 Fr.
1289 3641 1356 3692 Hist.
1369 3650 1388 3692 t.
1402 3638 1673 3710 ll,p.a32.Dubitari
1681 3645 1752 3698 enim
1788 3651 1791 3659 '

125 3735 157 3778 nt
172 3742 207 3776 ne
229 3724 341 3776 minimo
357 3721 466 3792 quidem
486 3721 562 3789 signo
581 3720 615 3772 ab
632 3719 663 3770 iis
683 3718 869 3788 distinguatur.
885 3722 917 3772 ln
965 3721 1056 3789 nequit
1069 3720 1135 3789 quin
1150 3720 1240 3772 titulus
1251 3721 1380 3790 pertineat
1398 3717 1431 3771 ad
1443 3720 1499 3790 ipsa
1517 3719 1605 3770 Nostri
1620 3734 1750 3793 excerpta,

125 3805 210 3857 altero
224 3813 312 3854 autem
327 3799 418 3853 codice
429 3801 481 3864 443
497 3800 597 3870 reliqua
612 3797 756 3867 fragmenta
767 3798 822 3852 duo
832 3800 916 3851 couti·
965 3815 1023 3868 quae
1037 3799 1100 3851 olim
1112 3810 1173 3852 ante
1184 3799 1278 3852 Isidori
1291 3799 1423 3852 Statlunos
1442 3797 1594 3868 legebantur
1617 3797 1712 3869 (sicuti
1726 3805 1752 3856 in

126 3893 284 3936 nunteuore
301 3881 386 3951 posita
403 3889 465 3932 sunt
478 3881 547 3932 inter
558 3878 615 3932 duo
625 3879 789 3946 Periegeseos
800 3877 918 3930 iambica
965 3875 1056 3930 codice
1069 3877 1117 3945 571
1133 3886 1255 3947 excerpta
1266 3877 1402 3930 Strabonis
1413 3887 1440 3929 et
1451 3878 1539 3930 Nostri
1550 3874 1642 3930 iisdem
1658 3879 1752 3935 Isidori

127 3963 284 4032 fragmenta,
297 3977 412 4031 quorum
423 3960 498 4030 prius
509 3969 627 4012 recenset
640 3957 719 4010 urbes
730 3957 845 4011 Helladis
856 3956 918 4010 inde
965 3955 1089 4010 Stadrmis
1101 3955 1319 4027 subjunguntur),
1330 3957 1357 4009 iu
1365 3956 1426 4009 cod.
1437 3957 1487 4019 443
1498 3967 1585 4012 autem
1595 3954 1634 4008 vel
1642 3976 1703 4012 casu
1714 3961 1753 4013 vel

127 4045 163 4098 ab
175 4042 317 4098 Ambracia
328 4040 457 4111 usquead
475 4041 581 4092 initium
594 4039 778 4110 Peloponnesi,
792 4040 870 4092 missa
880 4049 918 4092 ta·
966 4034 1075 4087 consilio
1089 4033 1156 4087 male
1174 4036 1332 4105 transposita
1350 4045 1420 4087 sunt.
1435 4036 1556 4088 Ceterum
1571 4036 1645 4090 saeile
1656 4037 1751 4091 intelli-

128 4143 191 4177 men
201 4123 298 4184 Attim,
312 4120 345 4173 de
354 4138 406 4191 qua
415 4121 532 4190 primum
543 4129 664 4171 nostrum
682 4119 735 4186 agit
743 4116 918 4186 fragmentum
966 4115 1036 4180 gitur
1055 4131 1109 4166 non
1134 4114 1276 4182 genuinam
1300 4115 1387 4184 operis
1405 4114 1522 4168 exhiberi
1544 4117 1751 4186 inscriptionem,

126 4200 290 4274 prosaicum,
300 4197 367 4252 adeo
377 4198 531 4269 utsnppleat
541 4193 739 4267 quodammodo
749 4213 808 4265 quae
817 4196 846 4247 in
855 4213 918 4265 poe·
966 4191 1011 4244 sed
1026 4191 1173 4246 indiculum
1193 4192 1270 4246 talem
1284 4192 1387 4262 qualem
1404 4209 1435 4244 ex
1450 4205 1606 4262 argumento
1617 4207 1753 4266 excerpto·

128 4277 391 4332 tieisdcsiderantur.
407 4278 494 4346 Atque
506 4275 563 4328 haec
581 4275 637 4344 ipsa
649 4292 726 4327 causa
740 4273 819 4327 luisse
835 4273 919 4326 viden'
966 4288 1026 4322 rum
1040 4271 1161 4324 librarius
1175 4271 1281 4342 quidam
1301 4271 1448 4340 collegerat.
1468 4275 1586 4327 Primum
1604 4276 1683 4343 igitur
1705 4293 1753 4328 no-

127 4358 213 4429 possit
224 4355 326 4409 ordinis
334 4372 423 4408 rerum
437 4372 517 4425 quem
529 4352 613 4406 codex
625 4353 919 4416 dl3exhibet.-Vin-
967 4350 1031 4402 tavit
1047 4349 1143 4404 πόλεων
1156 4353 1303 4420 σκώμματα,
1319 4350 1426 4404 urbium
1444 4353 1628 4418 cavillationes,
1645 4354 1699 4406 sive
1713 4356 1753 4408 di·

128 4437 214 4490 tlioeri
226 4434 369 4504 fragmenta
380 4433 465 4486 solent
475 4433 628 4486 Dicoearclro
639 4432 777 4486 lllessnn'o.
787 4433 919 4486 Nimirum
967 4429 1047 4481 etesia
1067 4430 1163 4500 quibus
1184 4431 1246 4484 vitia
1264 4429 1425 4500 singularum
1449 4433 1555 4486 urbium
1578 4433 1752 4501 exagitantur.

128 4532 216 4586 quum
236 4513 364 4582 Periegesi
383 4511 501 4564 iambica
520 4511 683 4582 subscriptus
703 4510 793 4563 titulus
810 4511 844 4563 sit
858 4527 865 4562 2
878 4511 919 4562 dr·
961 4508 1126 4578 -tttagnopere
1135 4509 1233 4562 scilieet
1248 4511 1275 4562 in
1291 4527 1322 4562 ea
1333 4527 1362 4562 re
1373 4511 1469 4563 Noster
1477 4511 1525 4564 sibi
1540 4511 1639 4582 placet;
1655 4513 1752 4566 nullam

129 4594 254 4662 ααιάρχου
268 4589 395 4661 ἀναγραφὴ
415 4588 547 4654 Ἑλλάδος,
569 4590 612 4642 isti
629 4600 717 4644 autem
735 4589 814 4642 iambi
829 4589 862 4642 ad
875 4591 921 4642 Di·
966 4584 1022 4640 scre
1035 4587 1128 4640 urbem
1143 4599 1282 4652 memorat,
1297 4589 1362 4658 quin
1374 4588 1443 4640 cives
1457 4588 1513 4659 ejus
1526 4589 1578 4642 sale
1595 4607 1644 4642 suo
1661 4592 1755 4662 periri-

129 4671 281 4725 caearcbum
292 4669 473 4724 Aristotelium
493 4670 625 4740 pertinere
641 4679 783 4740 nequeant,
798 4669 844 4722 sed
855 4670 920 4721 Dio·
968 4675 1019 4730 cet,
1034 4668 1140 4739 Oropiis
1161 4667 1358 4738 αἰσχροκερδίαν,
1370 4668 1460 4737 φθόνον
1480 4669 1638 4739 Tanagrais,
1651 4671 1756 4741 φιλονει-

129 4752 201 4823 nysii
211 4747 348 4821 cujusdam
356 4748 494 4801 loetussint
502 4765 508 4800 :
516 4766 613 4800 nomen
621 4747 765 4802 Dicaearchi
772 4748 807 4800 ad
815 4766 922 4819 prosam
969 4747 1023 4800 xlnv
1032 4748 1248 4820 Thespiensibus,
1261 4745 1402 4808 πλεονεξίαν
1412 4747 1596 4814 Andredoniis,
1608 4749 1754 4812 ἀλαζονείαν

129 4831 279 4883 orationem
287 4828 527 4900 poeticisinsertam
534 4825 806 4880 transferendumesse
814 4844 921 4881 censue-
969 4825 1162 4892 Plataeensibus,
1177 4827 1233 4881 aliis
1241 4826 1404 4897 exprobrans
1418 4826 1477 4880 alia.
1490 4829 1613 4898 Sequitur
1623 4831 1649 4882 in
1661 4832 1752 4884 titulo:

130 4920 207 4962 runt.
219 4908 318 4978 Opinio
330 4908 386 4959 haec
395 4907 563 4976 quantumvis
571 4905 607 4958 ob
621 4905 769 4960 facilitatem
778 4905 922 4978 probabilis
970 4904 1011 4956 xci
1019 4904 1082 4960 ὁδοί.
1097 4908 1152 4960 Nec
1161 4909 1256 4960 mirum
1267 4904 1300 4958 ad
1315 4906 1365 4958 hoc
1376 4905 1590 4960 animadvertisse
1603 4907 1753 4972 librarium

4 5029 15 5050 ,
129 5006 189 5042 esse
204 4986 332 5049 videatur,
339 4984 413 5056 justu
424 4995 511 5037 tannen
521 4984 647 5056 pondere,
660 4987 680 5038 si
693 4987 793 5056 singula
802 5004 922 5038 momen·
969 4984 1071 5037 nullum
1081 4987 1152 5038 euim
1168 4985 1228 5037 novi
1244 4993 1389 5046 auctorem,
1409 4987 1454 5055 qui
1468 4994 1542 5038 tanto
1558 4985 1645 5038 studio
1658 4985 1692 5038 dc
1703 4988 1755 5040 via·

129 5080 157 5122 ta
174 5067 352 5129 trutinaveris,
365 5075 446 5117 caret.
464 5066 551 5117 Missis
566 5065 690 5134 qualine
703 5065 922 5136 pertinentcbro·
970 5080 1029 5116 rum
1049 5061 1222 5132 longitudine,
1242 5061 1405 5126 declivitate,
1429 5064 1568 5116 securitate
1589 5062 1752 5133 periculisve,

129 5147 260 5216 nologicis
278 5156 304 5197 ct
326 5144 456 5198 historicis
477 5146 524 5212 (V
550 5144 737 5213 onlegumena
747 5151 772 5213 ),
796 5147 822 5198 in
841 5146 922 5216 ipsius
970 5142 1074 5206 umbra,
1088 5140 1257 5207 diverticulis,
1271 5143 1415 5212 ceterisque
1426 5160 1484 5212 qna·
1496 5141 1663 5204 huclaciunt,
1674 5161 1755 5215 expo-

241 5253 358 5292 oseca-v.

1759 874 1764 903 l

1757 919 1773 975 θ
