3775 5750
109 291 175 367 (sal
686 292 915 356 nnscntrtto
938 298 1113 359 GllAEClAE.

119 443 144 479 so
157 422 183 476 lr
194 422 227 497 τῇ
240 416 364 497 μεσογείᾳ
377 418 399 477 θ’
411 416 465 476 ἐστὶ
477 418 646 499 Ιίοπόρισσος
656 422 729 490 πόλις
933 439 963 488 ln
979 436 1175 490 mediterraneis
1187 457 1249 491 vero
1258 441 1307 492 sita
1319 442 1472 513 Cyparissus
1480 444 1557 509 urbs,

156 507 242 585 llpiuai
254 530 297 577 τε,
314 508 370 581 μετ’
385 504 468 577 αὐτὴν
480 508 584 574 Δαυλίς.
599 506 633 568 Ἡ
648 511 759 570 Βοιωτία
932 526 1066 595 Crisaque,
1077 537 1138 597 μοιτί
1146 544 1256 598 eamque
1265 530 1364 582 Daulis.
1380 534 1441 585 Post
1457 532 1603 586 Phocenses

154 592 229 673 χώρα
241 591 269 651 δὲ
282 592 349 669 μετά
360 594 466 660 Φωκεῖς
479 593 635 673 ὑπόκειται,
648 598 754 672 κειμένη
931 614 1039 666 Bootis
1053 616 1125 684 regio
1134 617 1261 687 sequitur,
1276 618 1326 670 sita
1582 610 1587 617 ¹

154 686 200 751 τῆς
212 680 334 748 Φωκίδος
342 679 432 759 χώρας
445 680 510 759 πρὸς
522 680 567 739 ἕω·
580 682 672 742 κᾶστιν
685 684 731 744 θόο
932 718 948 751 ει
957 700 1071 768 Phocide
1085 704 1193 770 regione
1202 722 1290 756 versus
1301 715 1401 758 ortum.
1412 707 1531 777 Suntque
1539 706 1595 760 duo

155 766 265 844 ἐπίσημ’
273 766 331 845 ὅρη,
341 766 371 825 τὸ
381 765 430 844 μίν
441 766 554 828 Ἑλικὼν
566 770 736 847 καλούμενον,
933 786 1047 855 insignes
1060 798 1173 852 montes,
1184 806 1299 859 qnorum
1314 808 1383 843 unns
1391 791 1502 845 Helicon
1516 804 1634 858 romtur,

117 876 141 913 es
156 853 241 933 ἕτερον
254 854 394 931 Κιθαιρών.
409 845 484 914 Εἶπεν
499 855 619 937 Ὠρωπὸς
629 859 716 932 πόλις,
932 871 997 924 alter
1010 873 1153 927 Cithaeron.
1164 876 1232 928 Dein
1245 877 1351 948 Oropus
1360 876 1434 941 urbs,

155 946 200 1001 καὶ
210 946 256 1015 τῆς
263 941 391 1015 θαλάττης
401 942 501 1025 ἀπέχον
513 944 581 1025 ίερθν
591 948 620 1005 οὐ
630 948 697 1005 πολύ
932 968 959 1010 et
972 977 987 1011 a
998 962 1064 1012 mari
1073 960 1175 1014 distans
1186 962 1321 1017 oraculum
1332 963 1404 1017 haud
1415 967 1507 1035 procul

157 1028 211 1087 ἔστ’
224 1029 385 1109 Ἀμφιαράου
397 1030 442 1089 καὶ
457 1029 519 1098 νεὼς
528 1032 574 1091 καί
587 1032 618 1091 τὸ
629 1032 749 1113 τέμενος,
933 1055 972 1096 est
982 1046 1134 1117 Amphioni
1143 1057 1170 1099 et
1182 1048 1310 1119 templum
1324 1050 1448 1115 etloum,

154 1116 237 1183 Αὐλίς
250 1140 278 1175 τε
290 1121 411 1175 Βοιωτῶν
422 1118 504 1191 πόλις,
515 1118 579 1201 πρὸς
594 1112 612 1199 ᾖ
624 1122 704 1197 λιμήν
934 1131 1059 1203 hulisque
1070 1134 1224 1187 Bmotorum
1233 1134 1307 1199 urbs,
1321 1134 1445 1205 adquam
1459 1148 1551 1207 portus

153 1204 309 1284 κάρτόμιδος
319 1205 387 1285 ἱερὸν
401 1206 487 1283 ἅγιον,
501 1206 515 1265 θ
527 1207 631 1286 λέγεται
642 1210 730 1269 κτίσαι
933 1228 961 1269 et
972 1219 1063 1272 Dianae
1074 1220 1165 1274 ίαπιεπι
1178 1232 1307 1286 sanctum,
1320 1222 1393 1293 quod
1402 1222 1551 1277 eondidisse
1561 1223 1660 1277 dicitur

114 1313 141 1351 νο
153 1290 336 1375 ’λγαμίμνον’,
353 1284 421 1351 ε’ίτεν
430 1294 550 1373 ’Epium
562 1297 725 1373 καλούμενον
934 1306 1113 1377 Αραιποπιιτος
1124 1305 1186 1359 dein
1198 1309 1317 1361 Erosium
1327 1308 1400 1379 quod
1415 1321 1508 1363 vocant

154 1378 308 1459 ἀκρότατον,
319 1370 366 1439 εἶτ’
382 1378 506 1462 Εὔριπος.
518 1382 647 1455 Ἀνθηδὼν
661 1386 684 1442 δ’
695 1384 750 1464 ἔχει
934 1406 1079 1456 summum,
1090 1402 1148 1445 tum
1157 1395 1281 1465 Euripus.
1297 1394 1440 1449 Anthedon
1450 1414 1513 1449 raro
1525 1396 1605 1450 habet

155 1468 315 1539 Ἀνθηθόνιον
324 1468 369 1528 τὸν
380 1469 473 1547 λιμίνα
481 1494 490 1511 ·
499 1471 545 1529 καλ
558 1471 616 1548 μετ’
627 1474 658 1531 οὗ
669 1472 736 1533 πολύ
933 1488 1041 1546 portum
1052 1477 1267 1545 Anthedonium;
1282 1498 1337 1533 non
1346 1479 1423 1550 louge
1431 1481 1493 1534 bine
1506 1492 1546 1534 est

153 1557 292 1637 Τάναγρα.
308 1560 403 1617 Κεῖται
418 1558 440 1617 θ’
455 1561 480 1617 ἐν
494 1560 618 1639 μεσογείᾳ
633 1562 701 1621 πάνυ
711 1560 780 1631 καλή
933 1564 1063 1633 Tanagra.
1075 1566 1107 1617 ln
1118 1563 1314 1619 mediterraneis
1328 1577 1417 1620 autem
1430 1568 1479 1620 sita
1490 1568 1627 1639 perpulcra

153 1644 247 1715 πόλις,
262 1644 376 1723 μεγάλαι
395 1644 507 1723 Θῆόαι,
520 1646 633 1706 σταδίων
646 1647 676 1705 τό
686 1648 841 1729 περίμετρον
932 1648 1006 1713 urbs,
1020 1667 1120 1718 magna
1132 1651 1400 1717 Thebessudiomn
1410 1654 1541 1707 ambitum

114 1752 139 1789 ss
155 1732 253 1811 ἔχοντα
267 1731 461 1813 τετταράκοντα
474 1732 519 1791 καὶ
534 1734 642 1814 προσέτι
650 1738 740 1815 τριῶν,
932 1736 1032 1789 habens
1045 1737 1218 1808 qnadraginta
1226 1751 1253 1793 et
1267 1742 1375 1812 iusuper
1384 1744 1481 1807 trium,
1540 1760 1543 1764 ·

155 1819 316 1898 bisinstidi)
330 1820 406 1888 πόλις
416 1820 596 1900 κώρχομινός·
612 1812 670 1881 ε’ίτσ
686 1824 743 1899 μετ’
756 1826 785 1881 οὐ
799 1823 866 1884 πολύ
933 1824 1013 1895 Copae
1023 1827 1102 1878 etiam
1115 1826 1180 1879 tube
1190 1837 1217 1879 et
1229 1828 1429 1892 Orchomenum
1444 1847 1494 1881 nec
1503 1828 1586 1881 mrito
1597 1840 1656 1901 post

155 1904 232 1971 πολις
242 1904 373 1966 Artatus
382 1908 470 1988 χίερὸν
484 1906 651 1989 Τρορωνίου,
935 1909 1054 1963 lebadea
1064 1911 1127 1963 urbs
1142 1923 1169 1964 et
1179 1911 1437 1984 lanmailnphanii,

154 1994 221 2051 ὅπου
236 1992 266 2051 τὸ
280 2002 401 2069 μαντεῖον
412 1994 518 2073 λίγοοσι
529 1996 672 2075 γεγονέναι,
935 1998 981 2049 ubi
991 1997 1128 2050 oraculum
1136 1996 1230 2051 dicunt
1241 1998 1329 2051 sitisse.

153 2072 212 2140 Εἶτ’
224 2080 342 2140 Ὠκαλία
357 2082 432 2149 πόλις
443 2080 498 2141 ἐστὶ
510 2082 556 2141 καὶ
568 2083 689 2145 Medum.
703 2085 779 2145 Μετά
936 2086 1004 2137 Dein
1013 2083 1108 2137 Ocalea
1122 2085 1186 2139 iubs
1196 2096 1269 2139 estet
1284 2085 1407 2138 Medeon.
1422 2089 1483 2139 Post

103 2188 138 2227 ιοο
151 2166 254 2240 ταύτην
267 2168 403 2227 ὑπόκειται
414 2168 539 2243 Θεσπιθι,
554 2160 613 2251 κᾷτ’
626 2170 740 2251 ἐχομένη
935 2172 1002 2225 hanc
1012 2173 1061 2225 sita
1073 2173 1204 2244 Thespia;
1220 2172 1281 2225 dein
1292 2184 1440 2243 sequuntur

115 2315 211 2325 ——.

99 2390 239 2434 noeentum
253 2398 353 2451 ponens
373 2384 400 2435 in
416 2382 638 2453 antepenultima,
654 2402 736 2455 qnare
754 2402 807 2437 non
823 2386 887 2437 scri-
934 2386 1097 2454 signifieavit.
1105 2385 1147 2440 Cl.
1155 2386 1249 2439 Suidas
1259 2386 1379 2456 Ἐράτων,
1389 2387 1460 2452 πόλις
1468 2387 1674 2448 Βοιωτίαςίιίεεπ
1684 2387 1723 2438 Εί-

99 2462 137 2530 psi
162 2478 227 2513 cum
245 2461 377 2515 ldeinelrio
399 2462 563 2532 Κυπαρίσοου,
587 2462 659 2533 qnod
679 2462 785 2517 dieendi
806 2482 888 2533 genus
934 2466 1024 2535 ράσιον,
1035 2465 1107 2525 πόλις
1117 2466 1244 2527 Βοιωτίας.
1255 2467 1444 2519 Hancalteram
1453 2468 1610 2537 scripturam
1619 2476 1723 2518 secutus

99 2544 222 2615 exemplo
234 2545 262 2596 in
276 2545 404 2615 Dionysio
415 2556 496 2599 caret.
511 2534 635 2601 Centum
652 2546 686 2599 de
696 2546 834 2601 conditore
845 2565 889 2600 ur-
933 2552 973 2594 oet
981 2546 1071 2613 Etym.
1080 2546 1120 2595 M·
1130 2560 1158 2613 p.
1171 2545 1232 2609 303,
1244 2562 1286 2609 11,
1299 2556 1326 2598 et
1333 2545 1419 2599 Plinio
1432 2548 1481 2610 IV,
1495 2562 1527 2598 ιε
1536 2563 1586 2616 pro
1596 2544 1722 2614 Hyrmina

100 2622 139 2674 his
148 2623 302 2693 Cyparisso,
316 2624 412 2693 Minyae
420 2622 492 2689 filio,
508 2622 615 2678 laudant
627 2625 789 2696 Stephanum
808 2644 830 2678 s.
849 2644 888 2691 v.‚
933 2624 1047 2675 restituit
1061 2621 1188 2675 idullerns
1203 2624 1322 2676 Οντλοικ.
1338 2642 1365 2695 p.
1382 2626 1431 2691 56,
1449 2624 1495 2677 nbi
1509 2622 1623 2692 Silligius
1637 2622 1722 2677 edidit

98 2702 183 2755 schol.
197 2703 278 2755 Hom.
297 2700 328 2754 ll.
349 2718 375 2767 a,
396 2702 458 2771 519,
474 2704 601 2755 Nonnum
620 2704 700 2758 Dion.
723 2705 798 2768 XIII,
817 2704 887 2757 123:
934 2702 1068 2765 Hilarior,
1091 2700 1164 2772 quod
1183 2703 1205 2753 si
1220 2702 1350 2756 librorum
1370 2705 1526 2757 auctoritate
1542 2703 1646 2767 nititur,
1669 2721 1723 2773 non

98 2781 244 2847 ψωκῆεςοί
264 2780 416 2851 Ιίοπαρίσσον
434 2778 507 2851 εἶχον
528 2782 591 2843 ἕδος.
617 2783 678 2851 44-
692 2784 736 2837 81.
760 2782 888 2853 liptet]
935 2780 1130 2851 improboNec
1141 2778 1253 2833 dubium
1264 2790 1303 2833 oet
1313 2782 1378 2852 quin
1388 2780 1459 2834 idem
1468 2779 1638 2851 sitoppidnm
1650 2780 1723 2849 quod

97 2860 194 2932 λίρισά
214 2857 316 2926 codex,
339 2861 447 2931 Λάρισσά
465 2860 529 2914 olim
547 2860 622 2914 editt.
650 2862 753 2916 Larissa
778 2862 890 2916 Phocion
935 2859 1053 2912 Homero
1072 2859 1104 2912 Il.
1120 2861 1165 2924 ll,
1179 2864 1231 2930 499
1245 2870 1272 2914 et
1285 2859 1381 2916 Nonne
1399 2862 1482 2916 Dion.
1502 2862 1585 2926 xm,
1606 2864 1637 2913 61
1654 2858 1725 2913 Ent-

97 2941 199 3005 ignota.
224 2943 313 3007 Quare
335 2939 427 3009 Κρῖσαν
447 2941 622 2993 memorarit
648 2941 776 3012 Dionysio
801 2941 891 2994 statuit
935 2957 988 2991 σιον
1003 2938 1108 2992 dicitnr.
1125 2941 1275 3010 Utrumque
1288 2957 1386 2994 nomen
1400 2940 1495 2993 urbem
1508 2939 1579 2994 illam
1592 2939 1721 3010 antiquis·

98 3030 168 3072 reete
190 3019 285 3090 procttl
303 3017 386 3072 dubio
406 3018 559 3072 Harduinus
578 3017 612 3071 ad
630 3018 745 3073 Plinium
773 3029 839 3072 tom.
862 3023 889 3084 1,
934 3017 1007 3070 simis
1021 3017 1183 3089 temporibus
1194 3019 1222 3070 in
1233 3017 1326 3073 humili
1337 3029 1366 3071 et
1375 3017 1560 3088 navigantibus
1571 3027 1723 3087 opportuno

97 3115 123 3166 p.
137 3095 524 3166 501,sanraganrer1eineti0,
539 3098 585 3168 qui
595 3098 696 3151 Crisam
709 3115 769 3150 cnm
778 3097 890 3151 Daulida
934 3095 993 3149 loco
1006 3096 1083 3149 sitam
1103 3095 1182 3150 luisse
1195 3095 1310 3161 indicat,
1325 3107 1416 3168 postea
1435 3093 1633 3151 subsidentibus
1648 3097 1724 3166 aquis

97 3175 226 3246 conjungi
240 3177 417 3229 monetotiam
429 3194 472 3247 ap.
486 3177 595 3229 Homer.
610 3176 642 3230 Il.
658 3179 695 3242 11,
709 3177 777 3230 ⁵20:
796 3177 889 3248 Ιίρίσάν
935 3176 963 3229 ίπ
977 3175 1030 3228 alto
1039 3174 1127 3246 jaeere
1139 3177 1192 3228 visa
1208 3187 1263 3239 est,
1287 3176 1358 3230 unde
1379 3175 1514 3246 ἀκρότατον
1528 3173 1640 3244 appellat
1658 3175 1723 3227 Dio·

97 3274 122 3306 τε
136 3253 231 3322 ζαθέην
244 3255 285 3307 καί
303 3255 429 3320 Δαυλίδα,
445 3265 472 3309 et
482 3257 608 3309 Nonnnm
623 3255 704 3309 Dion.
718 3257 864 3320 x1n‚223
882 3275 887 3308 :
935 3256 1034 3326 nysius.
1050 3280 1061 3301 ι
1077 3257 1216 3308 Merum
1230 3255 1325 3309 Strabo
1338 3257 1392 3317 tx,
1412 3273 1441 3326 p.
1456 3259 1508 3317 406
1522 3270 1528 3304 1
1544 3251 1622 3313 Ἕλος
1642 3271 1669 3305 τε
1681 3254 1724 3305 καί

97 3333 192 3404 Ιίρίααν
202 3333 349 3405 άειθομάνην
361 3334 403 3386 καὶ
411 3333 534 3400 Δαυλίδας
545 3335 578 3387 de
587 3336 660 3388 Crisa
670 3345 758 3388 autem
772 3336 890 3390 aCirrha
938 3330 1034 3387 Ἔλεθεν
1045 3333 1087 3386 καί
1101 3332 1214 3386 Εἰλέσιον
1234 3331 1325 3400 ἐκλήθη
1344 3332 1385 3385 διὰ
1400 3333 1429 3385 rb
1448 3331 1488 3386 tet
1498 3332 1550 3392 τοῖς
1572 3329 1640 3383 ἕλεσι
1657 3330 1723 3401 lepti·

96 3413 181 3482 probe
202 3411 405 3482 distinguenda,
428 3431 513 3483 neque
532 3431 594 3466 cum
614 3412 744 3466 Strabone
765 3413 798 3466 ad
820 3432 891 3467 mare
935 3413 1000 3464 σθαι·
1017 3415 1060 3465 rin
1074 3409 1160 3482 δὲοίιχ
1172 3409 1264 3482 ὁμοίως
1280 3410 1423 3482 ἔχειτοῦτο
1441 3408 1666 3478 ἢάνοιαισθένταη
1680 3413 1724 3476 τῆς

96 3489 264 3556 collocanda,
277 3487 366 3544 laudat
377 3491 411 3543 ll.
425 3493 459 3544 Ν.
470 3492 632 3546 Ulrichsium
643 3491 670 3544 in
681 3493 743 3545 ltin.
757 3509 797 3562 gr.
808 3494 831 3558 1,
845 3499 889 3558 nl..
935 3491 1024 3562 λίμνης
1038 3491 1142 3546 ἔπιπολθ
1155 3491 1346 3558 ταπεινωθείσης
1359 3490 1400 3542 διὰ
1413 3490 1456 3553 τάς
1473 3491 1574 3558 ὕστερον
1590 3490 1724 3559 γενομένας

97 3571 149 3621 Pro
160 3569 254 3630 Δαυλίς
267 3569 382 3622 οοιίεπθ’
397 3569 546 3642 αόλις(εἰο).
561 3571 572 3638 ll
587 3600 622 3610 -
636 3571 680 3624 da.
691 3568 817 3624 άπόκειται
828 3571 888 3624 cod.
936 3569 1050 3641 ίκρόσεις.
1073 3571 1084 3640 ΙΙ
1105 3601 1142 3612 -
1160 3571 1205 3639 93.
1218 3569 1308 3623 Verba
1324 3571 1377 3641 μετ’
1390 3568 1419 3622 οὗ
1437 3569 1502 3623 mit
1513 3568 1629 3638 Τάναγρα
1640 3567 1674 3620 ad
1688 3569 1724 3621 si·

94 3667 147 3702 em.
158 3649 233 3704 Gail.
245 3649 520 3720 14-85.θροπθςοοιί.
532 3651 543 3718 ll
557 3651 643 3704 -86.
658 3647 825 3719 άπάχωνοοά.
837 3653 892 3720 ll-
935 3660 993 3703 tum
1012 3660 1039 3703 et
1052 3651 1146 3702 seriem
1168 3649 1288 3702 loeorum
1302 3667 1398 3721 parum
1411 3646 1619 3702 accommodata.
1635 3649 1725 3714 Quare

95 3734 139 3782 90.
164 3727 339 3800 Ἀγαμέμνονα
361 3726 408 3781 εἶτ’
422 3727 563 3800 θμπερέαιον
578 3727 672 3782 codex.
696 3729 813 3784 1Dianae
827 3740 892 3782 tem·
937 3728 1101 3800 lueruntqui
1115 3746 1165 3799 pro
1176 3729 1295 3800 Τάναγρα
1308 3729 1403 3781 vellent
1416 3729 1542 3798 Λάρυμνα,
1557 3727 1597 3779 uti
1611 3724 1721 3780 Guilius.
1830 3799 1834 3806 Ι

94 3808 170 3878 plum
182 3808 220 3861 ab
235 3811 433 3878 Agamemnone
451 3805 589 3864 conditum
609 3819 800 3861 commemorat
815 3809 891 3862 Calli·
939 3809 951 3878 ΙΙ
966 3808 1057 3878 -95,
1071 3810 1129 3862 Sec.
1141 3809 1323 3861 Dicaearchum
1332 3807 1447 3861 ambitus
1456 3817 1512 3860 erat
1522 3805 1667 3858 stadiorum
1677 3807 1722 3874 37.

94 3887 210 3939 nrachns
228 3885 261 3939 lr.
277 3903 329 3956 7²²
343 3885 388 3952 τὴν
401 3885 637 3958 &reprimendae
652 3887 736 3956 μῦθος,
751 3888 845 3952 εἵσατο,
858 3887 891 3940 ud
939 3891 950 3957 ΙΙ
966 3919 1002 3930 -
1022 3893 1067 3958 96.
1084 3888 1147 3959 μετ’
1164 3887 1199 3940 uir
1217 3887 1320 3959 πολὺ]
1344 3889 1383 3940 sic
1400 3887 1577 3950 leuonnius3
1599 3884 1660 3955 μετὰ
1680 3886 1725 3937 δύο

93 3981 154 4034 qun
165 3963 310 4035 bentleyus
324 3983 377 4020 uon
393 3967 533 4020 immernor
547 3963 597 4017 luit
619 3965 743 4018 carminis
758 3965 892 4034 Theogni-
936 3967 1034 4032 codem
1045 3966 1101 4020 alra
1113 3968 1167 4039 μεθ’
1179 3967 1266 4020 ίκατθν
1280 3967 1326 4039 (so.
1339 3966 1448 4038 στάδια),
1460 3965 1588 4019 Mullorus
1603 3963 1722 4016 Omhom.

93 4043 158 4098 dei:
183 4044 284 4116 Ἄρτεμι
305 4045 445 4116 θηρογόνη,
467 4045 572 4116 θύγατερ
590 4045 654 4108 Διός,
677 4046 707 4112 ἢν
734 4043 892 4118 Ἀγαμέμνων
935 4065 964 4118 p.
977 4048 1039 4111 483.
1053 4049 1133 4100 Mitto
1145 4046 1258 4100 aliorum
1270 4044 1434 4115 conjecturas
1445 4045 1534 4095 minus
1547 4043 1626 4095 etiam
1639 4041 1724 4094 leren-

93 4123 187 4189 εἵσαθ’,
202 4122 242 4176 ὅτ’
251 4122 284 4184 είς
292 4123 381 4194 Τροίην
392 4123 465 4178 ἔπλεε
475 4124 546 4192 νηυσί
558 4124 636 4186 θοαῖς.
651 4127 689 4178 hc
699 4124 806 4178 suerunt
814 4129 892 4180 etiam
936 4125 993 4180 das.
1001 4126 1149 4179 hleinelsius
1157 4123 1228 4194 oonj.
1240 4122 1297 4177 εἶτα
1308 4123 1451 4193 Μετάχοιον
1464 4120 1579 4192 (collato
1591 4119 1725 4191 Stephano

92 4203 143 4255 alia
165 4212 343 4258 monumenta
364 4204 454 4256 Dianae
481 4200 614 4275 placendas
641 4201 675 4255 ab
696 4205 893 4272 Agamemnone
936 4221 959 4258 s.
969 4205 997 4258 b.
1010 4223 1037 4256 ν.
1048 4208 1070 4273 );
1081 4205 1120 4256 εἰσ
1131 4213 1218 4256 tamen
1231 4200 1456 4272 malejunguntur
1464 4201 1608 4271 sequentia,
1622 4209 1724 4269 postea-

93 4280 234 4345 drdicata,
249 4279 319 4336 velut
333 4281 406 4334 navis
426 4280 469 4334 illa
484 4279 554 4352 apud
575 4281 715 4334 Gerastios
734 4299 749 4333 a
763 4284 899 4354 Procopio·
936 4301 989 4354 que
1001 4280 1148 4336 Mainalius
1159 4280 1193 4334 ad
1201 4280 1325 4351 stephan.
1338 4283 1402 4352 Bya.
1413 4297 1442 4352 p.
1456 4282 1507 4344 448
1520 4277 1657 4350 proposuit
1669 4275 1726 4332 εἶτα

92 4360 159 4413 Bell.
184 4359 271 4414 Goth.
286 4361 336 4426 IV,
358 4376 393 4413 aa
407 4369 550 4416 memorata
565 4377 627 4414 eum
645 4359 696 4413 hoo
715 4361 813 4416 titulo:
837 4363 893 4429 Νῆα
938 4363 991 4432 μετ’
1014 4361 1112 4433 ὀλίγον.
1134 4360 1247 4432 Propius
1265 4359 1300 4412 ad
1322 4360 1430 4414 traditas
1453 4359 1551 4412 litteras
1570 4374 1726 4428 moremque

94 4440 223 4509 μέλαιναν
241 4439 356 4510 lipianum
370 4440 428 4511 τῇδ’
447 4437 606 4510 Ἀγαμέμνων
631 4436 762 4506 Ἑλλήνων
780 4446 894 4512 στρατιῆς
937 4440 1053 4495 auctoris
1068 4437 1184 4503 aceedit,
1203 4457 1290 4510 neque
1303 4442 1393 4492 metris
1411 4437 1578 4509 Dionysianis
1598 4448 1726 4508 repugnat

94 4523 125 4584 σί,
129 4539 166 4590 μα
176 4517 356 4589 πλοίζοράνης.
369 4521 493 4590 Quorum
500 4535 623 4572 veranum
635 4519 746 4589 primus,
754 4521 797 4572 cui
809 4539 894 4592 neque
936 4516 1088 4588 oonjectura
1098 4517 1239 4570 Ietronni.
1253 4516 1383 4570 Particula
1395 4515 1421 4568 θλ
1434 4525 1495 4587 post
1510 4513 1596 4566 Κῶπαι
1615 4515 1726 4567 metrico

94 4595 260 4650 Dindorlius
274 4614 359 4668 neque
371 4596 529 4652 wolckerus
537 4597 599 4668 Syll.
612 4599 696 4668 epigr.
708 4615 736 4669 p.
752 4603 804 4654 aar
815 4617 892 4670 opem
937 4596 1056 4652 molesta.
1068 4599 1080 4668 ΙΙ
1091 4627 1127 4638 -
1136 4614 1181 4666 97.
1193 4595 1299 4650 Λεόαὸια
1308 4597 1321 4664 4
1330 4597 1387 4649 sine
1399 4611 1454 4649 aee.
1468 4593 1530 4666 )κα“ι
1544 4592 1610 4664 ίερθν
1624 4592 1723 4658 code13

94 4677 232 4738 tulerunt,
246 4677 281 4728 ita
294 4675 511 4745 redintegrandus
527 4686 583 4730 ert:
602 4676 657 4744 Νῆά
674 4695 703 4746 με
720 4676 821 4730 λαϊίέαν
835 4678 890 4732 κτλ,
937 4693 990 4730 em.
1002 4677 1085 4729 Mein.
1104 4677 1115 4741 ll
1134 4692 1195 4730 roo.
1209 4675 1331 4730 Θεσπεσία
1345 4673 1439 4740 oodex,
1453 4672 1556 4726 θεσπιαί
1570 4671 1665 4743 vulgo,
1678 4672 1725 4726 θε·

94 4755 116 4806 E
138 4753 278 4824 lapidibus
299 4755 369 4806 enim
387 4772 479 4807 narem
503 4753 573 4808 illam
594 4765 719 4808 structam
740 4754 819 4808 luisse
840 4756 894 4827 ipse
937 4753 1216 4820 anrdMeineltins,de
1228 4764 1337 4807 acoentn
1357 4751 1467 4807 laudans
1478 4751 1660 4806 Herodianum
1679 4769 1724 4823 πρ.

94 4831 231 4884 indicavit
245 4832 399 4903 Procopius.
414 4835 614 4904 Emperesium,
629 4833 701 4904 quod
720 4835 798 4888 tertio
816 4853 892 4888 versu
937 4834 1020 4888 schol.
1036 4836 1105 4888 Ven.
1120 4835 1200 4886 llorn.
1215 4835 1247 4886 lt.
1266 4836 1310 4898 11,
1328 4849 1389 4888 101.
1404 4833 1568 4902 singularem
1583 4849 1725 4887 numerum

95 4917 277 4973 incineratur,
289 4911 430 4981 Kiepertus
444 4919 533 4963 noster
544 4911 573 4963 in
589 4911 696 4966 Euboeae
704 4911 792 4965 littore
803 4913 892 4966 Aulidi
937 4914 1017 4966 etiam
1029 4914 1056 4966 in
1065 4914 1183 4984 sequenti
1199 4929 1276 4966 versu
1286 4913 1422 4964 restituere
1436 4911 1513 4964 velim
1527 4929 1577 4982 pro
1588 4909 1720 4962 Πλαταιαί,

94 4990 217 5042 adverso
227 4989 323 5057 posuit,
334 4990 361 5041 in
374 5006 428 5058 quo
440 4991 489 5041 nisi
503 4989 605 5059 ignotos
615 4990 680 5044 mibi
688 5002 808 5045 auctores
819 5010 894 5046 seuu-
938 4995 970 5044 ln
979 4991 1071 5045 sedne
1080 5011 1105 5043 αι
1116 5002 1142 5044 et
1154 5009 1171 5043 α
1182 4991 1218 5044 ita
1227 5001 1378 5054 exarantur,
1389 5001 1417 5043 ut
1426 4989 1575 5043 differentia
1587 4987 1641 5040 iere
1653 4987 1726 5043 nulla

96 5081 139 5122 tus
152 5077 215 5130 est,
232 5084 246 5118 a
264 5085 327 5121 vero
345 5067 484 5122 abenarit.
498 5071 576 5121 lleete
585 5071 642 5122 sine
656 5069 740 5124 dubio
753 5089 807 5124 non
820 5072 895 5126 iutel-
938 5073 982 5130 sit.
995 5074 1028 5124 Et
1038 5070 1132 5125 θεσπιά
1142 5081 1169 5123 et
1182 5070 1291 5123 Πλατειά
1304 5081 1343 5123 est
1354 5070 1540 5132 llomeriru1n;
1553 5066 1725 5120 llomerlcum

96 5151 184 5202 lectus
195 5143 345 5198 editoribus
357 5144 508 5200 llolstenius
520 5143 586 5200 εἶτεν
601 5145 711 5220 Ἐρὲσιον
724 5148 892 5205 scribendum
938 5161 1027 5206 antem
1046 5152 1221 5205 boeoticarum
1238 5151 1345 5204 urbium
1363 5150 1508 5220 catalogum
1527 5146 1664 5200 oboculos
1679 5144 1726 5198 ba·

219 5251 301 5290 crocu.
313 5251 331 5291 l.
1596 5253 1620 5292 ίθ
