3775 5750
636 374 684 433 uu
706 374 863 435 lSlDOllO
885 374 1133 435 cuantcuuo
1560 396 1687 436 uxxsru

73 508 230 579 sehoenus,
248 506 578 581 quatnmensuramalii
594 505 864 563 aliterdetermina-
902 506 959 581 ptis
988 518 1203 581 muuponuutm·
1234 506 1343 581 oppida
1368 506 1481 563 varium
1509 506 1539 561 iu
1566 506 1683 562 modum

72 601 333 673 haut,stadiorum
352 602 391 659 sit
410 602 598 661 tricenorum.
618 602 732 676 Singuli
751 605 863 659 numeri
902 601 1117 671 distrahantur3
1142 622 1233 678 porro
1254 603 1279 659 si
1301 602 1379 678 qnod
1404 600 1544 679 oppidum
1570 601 1688 659 aliunde

74 698 162 754 modo
173 696 277 773 scripti
292 695 366 754 hene
380 695 499 769 habent,
511 698 568 755 nisi
582 698 661 775 quod
676 698 864 755 allescchaua
906 708 1006 753 notium
1033 698 1112 773 apud
1135 696 1270 753 Nostrum
1294 716 1353 753 nou
1376 709 1566 766 memoratur,
1583 695 1687 753 lsidori

75 792 109 847 ad
125 791 269 867 Neapolin
298 810 357 847 noo
374 808 423 859 aa,
437 789 487 847 sed
511 810 545 847 ta
558 808 620 847 esse
634 790 764 847 debeant.
780 790 863 858 Quod
905 804 987 848 aetate
1003 790 1113 848 nullius
1125 791 1263 847 momenti
1274 789 1445 849 luisssesibi
1455 790 1640 868 persuadent.
1656 790 1688 845 ld

76 905 165 961 quma
188 886 322 943 locorum
348 884 461 941 ratione
481 883 585 942 ductus
606 884 681 941 bene
705 884 864 953 monuisset
904 908 973 945 vero
991 906 1142 965 perperam
1159 888 1283 943 herivei
1299 906 1335 943 ex
1346 885 1534 944 uberioribus
1542 886 1578 943 de
1589 884 1686 942 hieso-

81 980 226 1049 llitterus,
253 998 289 1036 ex
311 980 385 1055 ipsis
403 979 489 1035 etiam
509 980 653 1055 excerptis
672 978 864 1037 demonstrari
903 986 1030 1061 potamia
1042 998 1070 1041 et
1083 984 1244 1060 babylonia
1256 984 1401 1060 excerptis
1418 983 1543 1057 intelligi
1558 992 1686 1059 poterat;

76 1075 182 1151 potuit.
203 1073 276 1131 Natu
292 1092 383 1149 quum
405 1072 554 1149 aPhaliga
568 1073 603 1130 ad
619 1073 780 1130 Seleuciam
794 1092 863 1131 cen·
904 1082 933 1137 in
962 1079 1070 1156 quibm
1099 1079 1290 1156 Babyloniam
1318 1081 1369 1135 ris
1388 1079 1503 1153 attingit
1522 1092 1633 1148 auctor,
1658 1092 1687 1133 et

76 1184 132 1227 tum
146 1170 262 1227 schoeni
275 1170 376 1245 colligi
389 1171 534 1240 dicantur,
549 1170 626 1227 hunc
641 1188 793 1227 numerum
806 1189 865 1228 non
902 1194 937 1231 ex
963 1175 1082 1252 oppidis
1110 1176 1255 1251 vicisque,
1281 1194 1406 1251 (prorum
1430 1174 1557 1251 plurima
1578 1172 1687 1230 afferre

76 1265 224 1323 obtinebis
257 1266 315 1323 nisi
340 1284 375 1323 eo
400 1284 458 1341 quo
486 1266 615 1322 diximus
645 1265 710 1321 loco
733 1264 865 1323 lsitlorus
904 1270 1186 1341 licuisset,n0onisi
1200 1290 1235 1327 ea
1249 1283 1401 1340 memorat,
1420 1288 1486 1346 quae
1504 1281 1582 1325 certa
1597 1268 1688 1325 invia

76 1362 185 1417 notarit
204 1360 347 1419 schoeuos
368 1360 532 1417 duodecim.
565 1360 700 1417 Ceterum
724 1358 866 1417 subducta
905 1368 962 1425 sita
977 1366 1143 1425 mansiones
1161 1366 1340 1444 prabebant.
1366 1366 1473 1423 Eodem
1493 1379 1587 1422 autem
1603 1363 1690 1421 modo

76 1462 185 1513 summa
206 1456 398 1515 schoenorum
428 1476 478 1529 ¹71
502 1458 642 1513 docemur
657 1475 786 1513 errorem
806 1476 863 1513 non
905 1464 934 1520 in
961 1461 1226 1539 sequentibusnem
1240 1460 1364 1536 habere,
1384 1480 1421 1517 es
1441 1479 1535 1535 par-ro
1555 1461 1687 1518 locorum
1721 1520 1728 1541 ι

78 1564 246 1607 ¹¹0⁵lf⁰f¹¹ffl
257 1568 322 1607 0⁵⁵⁰
334 1550 539 1621 llblallfflffllb
554 1550 604 1608 Sed
620 1564 791 1628 corruptum
805 1550 864 1627 jam
906 1578 1047 1629 nutriero,
1062 1560 1114 1635 qui
1134 1559 1166 1615 in
1183 1557 1307 1632 singulis
1328 1556 1492 1634 provinciis
1511 1570 1690 1613 memoratur

78 1664 230 1703 numerum
247 1644 411 1724 prebuisse
434 1646 564 1703 codicem
579 1648 615 1703 ab
639 1666 673 1703 eo
696 1660 865 1723 usurpatum
904 1655 981 1712 etad
995 1654 1207 1730 longitudinem
1225 1672 1325 1710 earum
1343 1651 1481 1729 aequabili
1501 1653 1560 1711 lere
1578 1654 1691 1711 ratione

78 1744 124 1819 qui
145 1744 264 1819 primus
277 1762 421 1801 surumam
435 1745 520 1801 istam
531 1744 658 1818 collegit.
676 1749 717 1800 Ac
729 1762 818 1819 quum
834 1744 865 1801 in
906 1748 1140 1807 accommodatus
1154 1760 1212 1819 est,
1229 1748 1404 1823 colligimus.
1422 1749 1523 1825 ltaque
1537 1749 1573 1807 de
1590 1750 1688 1823 singu-

77 1840 270 1917 sequentibus
297 1860 413 1917 quoque
443 1840 579 1897 nonnulli
613 1840 867 1917 deprehendantur
906 1845 943 1903 lis
964 1846 1083 1923 oppidis
1097 1846 1215 1903 nonnisi
1233 1857 1353 1903 eatenus
1372 1844 1566 1923 probabiliter
1578 1844 1690 1918 aliquid

78 1938 204 2008 urrrueri,
220 1936 275 2013 qui
288 1936 392 1993 cadant
403 1936 522 2013 quidem
536 1940 566 1993 in
579 1956 720 1994 summam
732 1936 866 1995 sehoeno·
905 1944 1061 2013 statueris,
1074 1955 1217 2019 quatenus
1229 1942 1302 1999 situs
1316 1960 1417 1999 eorum
1435 1941 1471 1998 ad
1480 1940 1600 1998 eandem
1615 1941 1692 1997 viam

79 2052 135 2087 rum
145 2032 253 2089 858ex
267 2045 328 2089 toto
342 2033 496 2090 itinerario
511 2030 731 2108 collectam,sed
741 2034 867 2110 expliea-
904 2038 1027 2116 ejusque
1040 2057 1191 2096 mensuras
1201 2038 1303 2095 relerri
1318 2038 1427 2115 possit,
1443 2056 1617 2114 quamquam
1633 2055 1692 2093 nou

68 2114 181 2185 'tionem
192 2127 491 2205 geographicamnou
506 2127 866 2205 admittantzhosquoque
907 2154 982 2208 nego
1012 2148 1160 2193 auctorem
1174 2135 1283 2211 passim
1306 2134 1448 2191 nonnulla
1465 2132 1690 2209 interposuisse,

81 2226 104 2281 iu
126 2225 230 2303 prisco
244 2225 302 2281 isto
320 2225 420 2282 codice
437 2224 497 2301 jam
513 2224 686 2302 depravatos
702 2225 791 2283 fuisse
805 2245 866 2283 cre·
906 2248 973 2303 qua
986 2229 1023 2287 ad
1036 2230 1152 2287 itineris
1163 2228 1387 2306 descriptionem
1407 2227 1481 2285 nihil
1494 2224 1689 2305 pertinebant.

78 2320 213 2379 diderim.
227 2320 412 2397 Quamquam
427 2320 491 2379 lieri
512 2321 599 2379 etiam
616 2322 728 2399 putuit,
743 2334 775 2377 ut
789 2322 867 2379 lesti-
906 2324 987 2381 Hanc
1012 2343 1067 2382 nos
1098 2325 1189 2399 legem
1213 2334 1367 2400 sequentes
1385 2322 1526 2379 rationem
1547 2322 1705 2379 itinerarii.

78 2436 144 2474 nans
157 2430 321 2494 excerptor
334 2418 365 2474 in
381 2418 525 2475 itinerarii
543 2438 693 2475 mensuras
712 2418 866 2475 transtule-
906 2419 1030 2477 lsidorei
1046 2418 1148 2495 paucis
1163 2436 1352 2496 exponemus.

79 2514 112 2568 rit
120 2530 284 2581 numeros,
297 2512 348 2588 qui
361 2512 437 2587 apud
446 2510 591 2571 lsidorum
601 2512 660 2571 alio
671 2512 866 2591 pertinebant.
950 2522 1014 2581 ¹4¹·
1027 2514 1097 2571 Post
1110 2512 1301 2590 babyloniam
1314 2512 1447 2588 sequitur
1464 2511 1691 2583 amicorum,

80 2606 188 2664 Etenim
206 2626 301 2684 quum
326 2606 543 2685 Mesopotamiae
561 2620 589 2665 et
607 2606 775 2683 Babyloniae
790 2626 868 2665 man·
907 2610 944 2664 33
961 2608 1148 2666 schoeoorum
1162 2608 1255 2683 regio,
1270 2609 1302 2664 iu
1316 2624 1374 2683 qua
1389 2605 1561 2663 nominatim
1576 2623 1688 2661 memo·

79 2705 172 2761 sioues
201 2702 275 2759 satis
301 2701 456 2777 diligenter
482 2700 631 2759 breviator
657 2703 865 2777 recensuisset,
907 2718 1058 2763 raturuna
1075 2711 1215 2761 Artemita
1233 2704 1297 2762 sive
1317 2705 1461 2759 Chalasar
1478 2700 1639 2779 urbsl⁸**l,
1655 2698 1692 2757 ad
1762 2724 1768 2731 ¹

80 2818 142 2857 mox
159 2800 251 2857 taedio
265 2800 307 2857 rei
322 2800 428 2872 victus,
452 2798 651 2877 perfunctorie
671 2802 789 2876 negotio
802 2797 867 2857 lun·
906 2802 1007 2859 Siliam
1023 2803 1161 2880 (Dp'ala)
1183 2800 1307 2858 flurium
1319 2800 1389 2869 sita,
1400 2819 1418 2856 a
1434 2798 1567 2855 Seleucia
1582 2796 1693 2854 distans

79 2897 163 2970 gitur,
189 2893 321 2971 satisque
344 2893 431 2952 habet
456 2904 589 2979 enatasse
616 2894 672 2951 viae
695 2894 726 2952 in
747 2894 869 2968 singulis
907 2897 1043 2956 schoenos
1073 2897 1253 2974 quindecim.
1281 2896 1353 2965 Quae
1374 2913 1512 2952 mensura
1534 2893 1565 2950 in
1587 2891 1695 2950 nostris

80 2995 243 3070 provinciis
257 2993 869 3074 longitudinemetoppidorumvieorumve
907 2993 1023 3071 mappis
1032 2993 1160 3071 pertinet
1168 2993 1227 3050 lere
1233 2991 1269 3049 ad
1280 2993 1398 3048 Bal-aba
1411 2987 1494 3068 (Μ’).
1504 2986 1561 3045 Sed
1569 2985 1691 3044 dubium

82 3109 251 3164 numerum,
267 3088 304 3146 de
326 3087 495 3146 nominibus
515 3104 611 3146 autem
630 3091 760 3148 locorum
783 3103 811 3148 et
824 3090 869 3147 di·
907 3091 960 3146 vix
971 3103 1015 3147 est
1024 3093 1097 3166 quin
1107 3089 1199 3162 magis
1209 3086 1328 3144 boream
1341 3103 1442 3142 versus
1453 3101 1547 3159 usque
1556 3081 1592 3138 ad
1600 3081 1694 3154 regio·

82 3185 194 3240 stamiis
221 3194 251 3240 et
269 3180 514 3240 memorabilibus
529 3185 648 3241 nonnisi
662 3184 768 3242 selecta
789 3204 869 3260 quae·
908 3205 974 3242 nem
986 3187 1063 3243 inter
1074 3184 1222 3240 Homer'seh
1234 3194 1262 3238 et
1274 3184 1339 3236 Deli
1352 3182 1448 3234 Abbas
1461 3179 1556 3245 sitam,
1568 3174 1620 3232 ubi
1634 3176 1696 3232 rui·

82 3281 142 3335 dam
165 3280 214 3336 hic
239 3279 301 3336 illic
318 3278 529 3356 interposuisse
540 3279 586 3355 (l.
604 3281 675 3348 Quae
694 3279 824 3338 brevitas
843 3293 871 3338 et
908 3300 954 3338 nae
977 3290 1092 3338 exstant
1109 3291 1138 3335 et
1161 3279 1262 3349 Drjala
1286 3275 1408 3332 fluvium
1432 3271 1566 3348 majicerc
1587 3270 1694 3338 solent,

83 3374 261 3449 negligentia
271 3373 301 3432 in
312 3372 524 3431 tautaaliorum
536 3373 736 3432 subsidiorum
747 3377 871 3450 penuria
910 3373 1157 3452 progrediendum
1172 3373 1219 3428 sit.
1236 3367 1281 3426 lbi
1293 3369 1372 3425 enim
1390 3379 1422 3423 ut
1433 3367 1503 3424 olim
1520 3365 1608 3422 luisse
1620 3365 1695 3419 Clea-

82 3487 164 3526 causa
189 3471 268 3539 luit,
285 3481 317 3525 ut
343 3468 379 3525 de
403 3469 461 3525 situ
484 3468 634 3538 locorum,
653 3489 764 3544 quaeex
777 3469 870 3527 lsido-
909 3473 988 3524 iasar
1001 3465 1052 3544 (in
1065 3485 1125 3542 quo
1138 3485 1189 3520 sar
1200 3462 1496 3538 estpersicumsclier,
1516 3460 1539 3518 i.
1555 3477 1582 3516 e.
1601 3456 1693 3532 urbs)

84 3583 114 3619 ro
128 3565 307 3633 asseruntur,
324 3563 355 3619 in
379 3561 593 3620 diversissimas
610 3574 706 3639 partes
720 3564 778 3620 viri
794 3563 870 3620 docti
909 3560 1187 3639 statuam,primum
1201 3559 1303 3618 suadet
1315 3557 1415 3612 Chalia
1425 3554 1542 3624 canalis,
1550 3573 1610 3629 quo
1621 3555 1696 3610 Silla

84 3659 202 3720 abirent.
218 3659 375 3718 variorum
390 3661 561 3734 sententias,
579 3678 644 3736 quae
657 3659 774 3736 quidem
789 3661 871 3717 inno-
912 3677 978 3716 cum
992 3656 1114 3732 Tigride
1121 3655 1275 3731 jungitur,
1292 3650 1398 3710 deinde
1409 3668 1479 3707 sero
1494 3647 1520 3704 Τ
1522 3647 1609 3705 abula
1621 3648 1697 3705 Peu-

85 3769 198 3812 tuerunt
214 3753 302 3812 nohis
318 3765 347 3812 et
363 3774 435 3832 quas
453 3775 617 3814 memorare
634 3758 869 3834 operaepretium
911 3754 1090 3828 tingeriana,
1112 3751 1217 3826 inqua
1234 3769 1252 3806 a
1264 3747 1376 3806 Charra
1397 3745 1487 3821 (hod.
1511 3741 1644 3821 Glrarfa)
1660 3743 1698 3802 ad

85 3849 236 3908 ridebatur
244 3849 306 3926 (Ἴ,
325 3851 356 3906 iu
374 3852 562 3908 annotatione
581 3851 785 3910 indicavimus.
804 3852 869 3910 Dis·
912 3850 1054 3907 Artemita
1075 3859 1280 3925 computantur
1301 3845 1384 3902 milia
1404 3842 1527 3918 viginti,
1541 3861 1605 3918 quae
1629 3841 1697 3898 item

85 3963 182 4002 seusus
192 3963 268 4002 vero
285 3963 375 4021 quum
389 3945 452 4002 tolli
473 3965 596 4023 prorsus
613 3946 649 4002 de
664 3947 788 4022 singulis
804 3947 869 4023 qui·
912 3946 1082 4022 pertingunt
1093 3943 1129 4000 ad
1138 3943 1239 4001 Chalis
1247 3941 1385 4002 canalem.
1393 3936 1594 3998 Abhrtemitis
1602 3947 1697 3994 autem

85 4038 193 4116 busque
205 4041 259 4098 vix
274 4059 403 4118 unquam
418 4043 529 4119 possit,
545 4041 763 4116 angustioribus
775 4057 869 4100 tamen
912 4043 949 4098 ad
975 4040 1135 4098 Seleuciam
1153 4038 1253 4096 eadem
1270 4037 1368 4095 tabula
1386 4046 1598 4110 consequenter
1611 4031 1699 4090 habet

86 4135 189 4192 finibus
198 4134 503 4208 circumscriberetur,
514 4139 537 4195 si
548 4138 582 4195 ad
592 4139 733 4195 rationem
745 4157 869 4215 opuscu·
913 4138 995 4194 milia
1008 4157 1041 4208 71
1055 4182 1063 4213 ,
1077 4155 1144 4213 quae
1168 4147 1321 4210 exaequant
1336 4133 1471 4192 schoenos
1492 4151 1538 4205 19.
1554 4129 1655 4204 ltaque
1667 4128 1697 4185 in

90 4227 105 4284 li
127 4231 220 4288 nostri
254 4229 455 4290 attendissent.
480 4229 575 4306 Vulgo
605 4233 683 4290 enim
708 4233 748 4289 ita
768 4245 868 4307 agunt,
912 4233 1024 4290 Graecis
1039 4230 1148 4290 nostris
1165 4233 1265 4308 prole
1280 4247 1366 4286 manu
1381 4226 1530 4286 leuissima
1547 4223 1697 4296 corrigen-

87 4326 163 4396 qnasi
181 4345 243 4382 non
256 4325 458 4395 itinerarium,
471 4327 521 4384 sed
537 4327 737 4384 Parthicarum
753 4329 872 4405 provin·
912 4328 982 4385 dum
1005 4339 1077 4404 puto
1091 4327 1142 4386 19.
1159 4326 1225 4394 Quo
1242 4323 1380 4391 admisso,
1395 4339 1485 4398 quum
1499 4318 1606 4394 reliqui
1628 4315 1699 4372 fiant

88 4420 193 4479 ciarum
201 4421 430 4498 descriptionem
439 4421 870 4495 haberemus,etindelinieodo
913 4422 1142 4501 Apolloniatidis
1155 4420 1280 4492 schoeni,
1294 4439 1352 4477 oon
1379 4418 1423 4487 18,
1445 4413 1495 4472 sed
1510 4421 1556 4483 at,
1570 4411 1697 4488 ideoque

90 4515 216 4575 locorum
228 4517 288 4575 situ
300 4529 333 4574 ut
344 4517 507 4596 plurimum
522 4522 650 4596 pendent
664 4539 700 4578 ex
716 4539 773 4578 una
788 4539 871 4578 sono-
914 4521 951 4576 ab
976 4518 1126 4576 Artemitis
1151 4517 1190 4575 ad
1217 4515 1307 4574 Chala
1328 4514 1457 4587 (Helvaa
1469 4505 1478 4586 l
1491 4505 1699 4565 'Chalonitidis

92 4610 374 4683 rumsimilitudine,
388 4631 453 4688 quae
469 4613 684 4673 recentioribus
701 4614 871 4674 nominibus
914 4614 1018 4674 urbem
1033 4617 1093 4674 sint
1111 4613 1222 4672 schoeni
1246 4633 1304 4687 29,
1318 4609 1405 4668 etiam
1428 4607 1484 4664 hoc
1499 4605 1647 4664 lucramur
1667 4616 1700 4662 ut

90 4725 149 4762 cum
159 4707 266 4785 priscis
276 4706 452 4778 intercedam
469 4707 546 4766 unde
562 4709 592 4766 fit
603 4722 635 4767 ut
648 4729 713 4786 qnae
726 4710 756 4766 in
769 4727 869 4768 excer·
913 4710 1034 4768 eandem
1048 4709 1107 4767 lere
1118 4710 1195 4766 riam
1209 4706 1317 4782 regiam
1327 4704 1411 4780 sequi
1423 4703 1524 4770 liceat,
1540 4720 1597 4776 qua
1610 4699 1697 4756 etiam

118 4885 146 4942 Γ)
167 4885 281 4936 Similiter
290 4896 329 4934 res
339 4883 412 4934 babet
422 4884 446 4932 in
459 4885 589 4946 Marciano,
606 4886 630 4936 in
649 4898 698 4948 quo
711 4887 787 4948 prima
799 4887 877 4951 capita
892 4885 1036 4936 eslribeutor
1051 4887 1172 4944 accurate,
1182 4883 1207 4932 ia
1220 4879 1378 4944 sequentibus
1391 4879 1474 4928 autem
1494 4875 1577 4940 peripll
1594 4873 1698 4922 rationes

90 4957 176 5005 nonani
188 4957 293 5006 summis
304 4955 397 5006 lineolis
412 4955 596 5004 adumbrantur.

119 5027 162 5086 (⁸)
173 5027 214 5076 Sic
227 5027 322 5078 silentio
334 5025 466 5086 pressimus
478 5038 533 5088 tritae¹
544 5024 695 5075 lteicbaulns
705 5023 729 5073 in
740 5025 790 5075 suis
805 5027 867 5076 asiae
881 5025 972 5075 tabulis
980 5024 1101 5076 deliravit·
1518 5083 1524 5095 θ
1544 5083 1549 5094 ι

120 5097 173 5157 tm)
186 5101 213 5146 tn
224 5097 303 5146 verbis
312 5097 360 5160 ἔχει
370 5098 394 5146 a
405 5097 498 5158 runa,
510 5095 534 5144 lv
544 5096 580 5151 αῖς
589 5096 700 5158 σταθμός,
713 5108 827 5144 numerus
838 5097 955 5158 vicorum,
967 5097 1008 5160 qui
1017 5096 1041 5144 lo
1054 5094 1141 5144 ceteris
1152 5091 1209 5141 tacis
1221 5102 1316 5154 semper
1325 5089 1461 5153 apponitur,
1474 5083 1569 5134 excidit.
1582 5083 1699 5132 Pratum

94 5179 130 5224 pro
140 5167 240 5230 araba&
249 5170 275 5216 et
287 5167 334 5216 hoc
346 5168 399 5216 loco
408 5169 433 5215 et
441 5167 465 5214 ln
475 5165 528 5214 aliis
538 5165 655 5214 similibus
665 5167 827 5227 reponendum
843 5167 937 5220 ridetur
948 5165 1056 5228 σταθμοί.

121 5237 187 5296 (Μ’)
204 5240 260 5300 rag.
275 5243 321 5289 25⁰
331 5237 357 5288 la
368 5239 451 5287 annot.
462 5249 507 5300 pro
519 5236 628 5287 Barata
643 5236 694 5298 lege
706 5235 822 5288 Buluba.
