3775 5750
495 347 546 411 DE
565 348 746 415 suuntur
776 351 1001 417 sTAottstto
1022 356 1142 420 lituis
1165 357 1302 423 MAGNl.
1592 379 1700 426 cxtrtt

87 474 241 555 τοῦπιίργοο
252 475 306 548 ι3;
317 473 361 536 tat
370 479 416 536 τῶ
426 479 616 559 ρροορίσοΰίε
627 482 800 542 διιδσεαδίων
810 477 868 561 ιε’).
919 499 979 544 tum
992 487 1064 546 olim
1077 487 1189 546 Uticam
1204 488 1381 548 habuittoes
1397 488 1482 548 Livio
1495 486 1592 566 (liv,
1605 493 1637 548 31
1651 493 1660 568 )
1672 505 1701 552 et

89 571 149 630 lluc
158 572 303 630 accedunt
310 591 376 648 quae
383 573 420 631 de
430 573 588 650 navigandi
597 577 710 636 ratione
719 578 814 656 deque
823 597 872 657 ap·
916 581 1053 659 Appiano
1074 581 1168 662 (Puu.
1187 605 1212 644 c.
1226 583 1282 660 75)
1298 596 1410 642 constet
1429 597 1458 642 et
1477 597 1617 642 testantur
1637 588 1702 645 reli·

86 669 232 746 pellendis
242 667 418 728 sistendisve
431 669 558 731 navibus
572 672 794 751 praecipiuntur.
812 673 868 732 Cu·
917 676 1005 752 quiae,
1022 690 1155 755 quaearte
1168 677 1273 737 sactum
1286 691 1314 736 et
1321 678 1448 736 clausum
1461 678 1550 738 luisse
1561 679 1699 756 produnt.

84 764 217 842 jusmodi
227 777 295 824 sunl
304 765 373 824 ists:
388 764 523 826 Ἐντεῦθεν
535 767 658 845 ἀναχθείς
667 767 814 847 παρέπλεε·
825 769 872 828 πί·
918 771 1004 850 Apud
1015 771 1150 830 Nostrum
1166 791 1236 830 vero
1253 773 1280 850 (S
1293 775 1358 850 126)
1370 772 1454 831 Utica
1467 771 1560 848 λιμίνα
1573 773 1619 832 οὐκ
1634 772 1701 851 ἔχει,

86 881 145 938 εραι
159 858 226 918 εἰσίν
238 857 338 939 ὑψηλαί
352 860 422 940 ((6).
437 858 501 922 ’λεδ
510 861 623 920 σεαδίινν
638 861 708 922 δοιὼ
721 862 871 943 ααριίιελεε·
917 863 987 924 dlii
997 865 1077 925 οοίλον
1089 865 1154 946 ίχει.
1170 866 1262 942 igitur
1273 881 1332 926 tum
1346 878 1449 944 portus
1458 866 1519 946 jam
1534 880 1597 926 erat
1611 866 1700 926 obru-

87 952 589 1034 t'xttpdpsspdxnielnls'l37)·'l'03wt
598 954 872 1037 ιδνειίιονπαροίπλιε
918 973 979 1033 tus;
1004 963 1133 1020 nondum
1153 981 1223 1020 vero
1245 962 1331 1020 luerit
1355 963 1476 1022 Cresaris
1501 961 1700 1040 temporibus,

88 1049 138 1108 ιίσδ
146 1054 195 1121 τῆς
207 1053 256 1128 γῆς
267 1051 388 1118 σταδίους
397 1053 421 1110 κ’
436 1053 527 1130 (rto).
539 1051 668 1132 Ὁρμίζοο
677 1055 719 1114 ία·
730 1054 811 1126 odeis
821 1057 872 1122 τοῖς
916 1059 967 1132 ιῃιί
983 1056 1198 1116 Uticaeclatrem
1208 1057 1462 1136 conscenditfflell.
1477 1056 1568 1116 hiric.
1585 1078 1610 1116 c.
1627 1059 1665 1136 98
1674 1060 1700 1134 );

88 1145 184 1204 ίνενδεν
203 1144 308 1221 δνίμεις
322 1148 394 1222 (34).
413 1145 537 1227 ‘Oppido
555 1147 588 1206 δν
601 1151 648 1208 ὑπ’
668 1149 748 1209 αίνεδν
761 1157 813 1218 τοῖς
827 1153 872 1230 ἄρ’
917 1170 970 1209 nec
982 1151 1127 1226 proximis
1141 1151 1247 1210 abhinc
1263 1151 1443 1230 temporibus
1467 1154 1549 1222 urbs,
1564 1152 1701 1211 Caesareae

86 1239 871 1325 ίαπέραςάνίμοες(53).’λσραλδκίρμίζσνίιεὶεοδἙρμαίου
918 1247 1036 1307 ierrriliae
1050 1249 1288 1326 lavorepollens,
1303 1249 1374 1308 artis
1389 1267 1489 1326 opera,
1504 1269 1568 1326 quae
1584 1263 1700 1327 portum

89 1335 156 1412 (93).
171 1335 299 1415 Ὀρμίζοο
308 1336 484 1416 ίπδεδχὸμα
495 1341 565 1417 (εί).
575 1335 627 1402 Ἐν
634 1339 723 1410 δεξιῶν
732 1339 871 1421 τὴνίνιρον
916 1357 1091 1414 tutarentur,
1103 1346 1272 1422 neglexerit.
1280 1344 1335 1403 Sed
1342 1345 1458 1422 quando
1466 1345 1580 1404 demum
1590 1347 1705 1420 civium¹

86 1431 347 1513 ίχωνδρμίζοομδ).
356 1434 465 1506 Ταύτην
475 1433 545 1513 ἔρσεν
554 1435 688 1513 εὖιίνννμον
697 1439 872 1516 ιεροσερμίζοο
915 1439 1089 1498 industriam
1120 1441 1224 1500 vicerit
1254 1440 1391 1516 Bagrada
1412 1439 1494 1498 duvii
1516 1441 1562 1500 ris
1583 1442 1701 1500 lutilera

85 1527 157 1605 (15).
176 1529 294 1608 Είσίγοο
313 1527 399 1598 δεξιῶς
415 1532 451 1598 είς
466 1529 510 1590 εδι
524 1532 691 1610 αλαεαμῶνα
706 1533 778 1612 (ιε).
793 1533 872 1594 Tati-
914 1546 965 1592 aut
979 1548 1062 1594 antea
1071 1532 1132 1611 jam
1153 1531 1271 1610 fregerit
1291 1535 1398 1592 viciuae
1421 1534 1604 1612 Carthaginis
1618 1555 1700 1594 rena·

86 1642 132 1694 εην
146 1620 217 1702 ἔχων
231 1623 317 1694 διξιδν
337 1624 456 1702 ιιαειίγον
470 1627 538 1706 (16).
555 1625 603 1688 Ἐν
615 1629 741 1708 ἀρισειρί(
757 1626 873 1707 νιαιίγον
914 1647 997 1688 scens
1011 1629 1157 1708 potentia,
1170 1642 1290 1708 propter
1301 1631 1533 1690 testimoniorum
1547 1632 1700 1710 penuriam

87 1721 155 1798 lii).
172 1721 342 1800 Καδορόνεδ
357 1721 455 1802 βροίχοε
465 1721 582 1802 aestima
598 1722 716 1802 (stilti
726 1723 872 1802 καταγωγή
913 1724 973 1782 dici
987 1726 1098 1800 nequit.
1113 1725 1181 1804 lpsa
1191 1739 1284 1786 autem
1298 1727 1457 1804 Carthago,
1472 1730 1525 1786 sub
1539 1727 1622 1804 cujus
1638 1749 1699 1786 mo·

86 1817 155 1875 iem
170 1816 264 1896 ίπίιῇ
287 1817 364 1878 πόλει
383 1818 506 1886 δύσκολος
522 1818 592 1878 araim
606 1819 687 1900 (ιιδ.
706 1822 782 1896 ιιί).
794 1818 872 1880 Ἐπί·
914 1823 974 1881 lem
991 1841 1080 1882 naves
1092 1821 1277 1900 appellebant
1292 1821 1362 1900 (“”),
1376 1823 1480 1882 Nostro
1494 1837 1616 1882 vocatur
1628 1823 1702 1890 πόλις

85 1913 165 1980 σαλόε
180 1916 253 1976 teto
267 1917 283 1976 δ
296 1915 389 1984 τόπος·
403 1915 546 1995 &publico
558 1916 633 1994 (55).
659 1914 806 1976 Φυλίασον
818 1937 873 1974 νεα·
913 1917 1026 1994 μεγίστη
1052 1919 1260 1995 (5124).erae
1278 1919 1395 1996 quidem
1418 1917 1490 1978 urbs
1510 1932 1587 1978 tanta
1602 1920 1700 1978 inerc-

86 2011 210 2087 ρακλίονν
223 2013 295 2091 (57).
310 2011 496 2093 Διαρολοίττον
512 2011 602 2093 (σοί).
621 2011 658 2072 tt
671 2032 737 2092 quae
750 2025 819 2072 sunt
832 2012 872 2072 si·
914 2028 1079 2074 mentorum
1093 2015 1240 2074 celeritate
1255 2033 1306 2072 usa
1320 2028 1373 2086 est,
1390 2027 1421 2074 ut
1429 2013 1492 2093 jam
1506 2014 1610 2072 Strabo
1622 2015 1657 2072 de
1666 2034 1701 2072 ea

84 2107 176 2168 mitia.
912 2093 1065 2188 predicet:
1087 2107 1113 2170 ιι
1133 2133 1171 2178 τις
1191 2109 1259 2182 nt,
1271 2112 1361 2178 καλῶς
1378 2112 1486 2170 ονε...
1501 2114 1553 2169 τε..
1573 2111 1599 2170 ο
1614 2111 1699 2190 mcc,

122 2221 194 2258 ato.
206 2197 273 2260 lam
287 2197 439 2260 videamus
447 2219 581 2279 quonam
591 2197 662 2262 huic
673 2195 781 2280 peripli
794 2200 872 2280 parti
912 2207 1024 2279 πολεων,
1034 2221 1062 2266 et
1074 2208 1254 2284 Pomponius
1267 2207 1411 2279 hlelajom
1427 2213 1526 2264 iterum
1538 2211 1699 2282 opulentam

87 2299 214 2356 nauticae
224 2298 316 2357 insint
327 2312 476 2356 momenta
493 2298 712 2374 chronologica.
724 2296 760 2356 ln
771 2297 873 2375 Libyae
912 2301 1001 2363 «licat.
1013 2301 1054 2360 Ne
1069 2315 1164 2364 tamen
1179 2302 1214 2360 ad
1228 2303 1289 2360 lroec
1304 2303 1375 2362 novi
1391 2303 1558 2380 splendoris
1572 2305 1700 2381 primor-

85 2413 135 2452 ora
149 2407 352 2454 memorantur
361 2393 463 2456 Castra
476 2395 607 2456 Cornelii
617 2415 683 2454 cum
694 2407 784 2474 portu
790 2413 872 2472 egre·
912 2396 962 2457 dia
971 2409 1082 2458 etatem
1094 2397 1248 2476 scriptoris
1258 2399 1350 2458 nostri
1359 2398 1507 2474 pertinere
1518 2417 1698 2468 censeamus,

83 2491 132 2565 gio
141 2492 174 2548 in
184 2511 247 2568 quo
261 2492 871 2569 narcsmagnaesoleanthibernaress125).
914 2493 1080 2573 impediunt
1089 2514 1154 2572 quae
1165 2494 1201 2553 de
1211 2494 1278 2552 aliis
1290 2493 1393 2570 Libyae
1406 2493 1524 2572 oppidis
1537 2495 1567 2551 in
1582 2493 1698 2571 periplo

87 2585 240 2662 Ejusmodi
266 2601 383 2665 portum
409 2589 521 2666 oppido
541 2589 589 2647 vel
610 2589 680 2648 vico
701 2589 871 2649 destitutum
912 2589 1092 2648 reseruntur.
1105 2587 1248 2648 Videlicet
1258 2588 1502 2665 quemadmodum
1514 2587 1599 2646 Utica
1611 2600 1699 2666 portu

87 2683 176 2742 inisse
191 2684 413 2761 vix-quisquam
427 2685 597 2744 crediderit.
613 2687 652 2744 tt
662 2685 736 2744 tulii
748 2685 872 2746 Caesaris
912 2703 1011 2742 carere
1028 2683 1148 2756 dicitur,
1167 2683 1209 2742 sic
1227 2683 1416 2744 hdrumemm
1439 2703 1557 2762 quoque
1572 2683 1642 2742 urbs
1656 2695 1701 2742 est

85 2777 271 2856 temporibus
295 2779 409 2852 locum,
432 2779 486 2841 ubi
507 2780 663 2842 Cornelius
688 2783 760 2841 olim
779 2794 872 2842 castra
912 2779 1034 2858 ἀλίμενος
1056 2781 1083 2860 (5
1100 2781 1178 2856 ιι6).
1194 2780 1291 2856 lgitur
1305 2779 1413 2838 cothon
1427 2780 1502 2858 ejus,
1528 2799 1615 2858 quem
1629 2779 1699 2838 llir-

84 2886 209 2933 metatus
226 2886 298 2946 erat,
314 2875 444 2935 nondum
468 2877 558 2941 tuisse
570 2876 733 2940 habitarum
749 2896 786 2937 ex
799 2878 871 2939 Bell.
911 2877 971 2937 tius
982 2878 991 2953 (
1001 2877 1072 2937 Bell.
1084 2876 1175 2937 hiric.
1186 2896 1212 2937 c.
1225 2877 1272 2936 6ο.
1282 2876 1331 2951 63)
1345 2889 1496 2949 memorat,
1505 2875 1699 2953 jamevanue·

83 2969 150 3031 Cir.
162 2968 205 3045 ll,
219 2978 256 3039 ai
271 2972 317 3047 (ν.
330 2984 392 3033 not.
403 2972 479 3051 adp.
496 2981 553 3046 ipa
564 2974 669 3051 liacile
680 2974 868 3051 intelligitur.
911 2984 967 3044 rat,
980 2972 1065 3031 sicuti
1077 2972 1129 3049 qui
1142 2985 1242 3049 postea
1252 2971 1295 3031 ihi
1307 2970 1343 3031 ab
1356 2972 1502 3034 hrabibus
1515 2985 1698 3033 constructus

82 3065 190 3123 Strabo
201 3065 371 3125 Castrorum
381 3068 500 3129 illorum
511 3088 571 3129 non
583 3070 728 3130 meminit.
740 3070 872 3148 Pompo·
912 3079 956 3127 est
969 3078 1071 3145 portus
1083 3068 1218 3143 egregius
1230 3086 1307 3127 nunc
1318 3068 1505 3146 ipsequoque
1519 3068 1591 3127 adeo
1603 3068 1697 3125 homi·

83 3162 152 3221 nius
165 3162 242 3224 ldela
254 3161 315 3236 iti,
332 3184 348 3236 7
364 3163 451 3225 hebo
463 3166 583 3243 quidem
604 3182 698 3225 caetra
719 3171 810 3225 latta
822 3170 870 3243 (Ἶ,
911 3182 981 3223 num
997 3165 1110 3223 incuria
1123 3164 1271 3239 neglectus
1285 3162 1379 3241 jacet,
1394 3178 1427 3223 ut
1442 3165 1473 3223 in
1490 3165 1552 3224 salo
1571 3162 1698 3223 navibus

82 3262 335 3329 monomacha,
355 3280 415 3319 nou
428 3262 501 3323 satis
516 3275 613 3322 tamen
626 3264 720 3339 liquet
733 3283 771 3323 an
784 3264 871 3342 oppi·
911 3258 1127 3318 subsistendum
1136 3258 1184 3317 sit.
1192 3257 1334 3317 Similiter
1341 3256 1698 3338 Leptishlegnalipr'raoda

83 3354 154 3411 dum
165 3372 203 3413 an
218 3354 295 3415 nihil
305 3356 364 3416 nisi
378 3356 476 3416 locum
489 3357 611 3419 historie
622 3357 767 3417 celebrem
779 3359 870 3435 signi·
911 3354 967 3434 ἔχει
980 3357 1007 3433 (S
1018 3356 1087 3433 93);
1115 3354 1254 3413 nimirum
1272 3354 1386 3431 priscus
1399 3368 1502 3431 portus
1518 3367 1586 3413 tunc
1598 3355 1698 3412 arenis

83 3449 318 3525 ficarevoluerit,
333 3452 494 3529 praesertim
507 3473 598 3531 quum
606 3454 722 3513 Plinius
731 3451 767 3525 V,
780 3454 796 3510 3
809 3473 871 3513 non
911 3451 1036 3509 obrutus
1058 3462 1129 3521 erat,
1150 3464 1181 3509 ut
1202 3449 1360 3507 etiamnum
1385 3448 1488 3507 videre
1506 3460 1566 3521 est,
1591 3448 1697 3507 dirutis

85 3544 228 3621 oppidum
249 3546 297 3605 vel
318 3546 417 3605 vicum
439 3547 492 3607 sed
511 3552 600 3607 locum
621 3552 724 3609 Castra
739 3552 872 3607 Cornelia
911 3546 1039 3605 molibus
1050 3566 1115 3623 quae
1134 3546 1243 3605 fluxum
1266 3546 1356 3603 maris
1370 3558 1399 3603 et
1412 3545 1538 3603 eluviem
1555 3558 1695 3605 arcerent.

83 3644 301 3718 consignaverit
312 3643 372 3721 (*’).
385 3642 491 3703 Tutius
500 3644 563 3722 jam
572 3644 609 3705 de
618 3644 730 3723 oppido
742 3645 871 3721 cogitare
910 3640 975 3701 Jam
992 3661 1063 3699 vero
1076 3660 1167 3718 quum
1188 3640 1287 3717 Leptis
1300 3638 1355 3699 sub
1375 3638 1513 3698 Romanis
1532 3640 1697 3717 imperato-

83 3738 242 3819 lioetapod
252 3739 441 3801 Ptolemaeum
457 3741 507 3813 Ν,
524 3743 540 3799 3
554 3742 572 3817 §
587 3743 604 3799 6
622 3742 632 3818 (
648 3738 794 3819 Κορνηλίω
813 3762 872 3797 πο-
910 3734 1695 3812 ribuseximieiloreretetaSeptimioSeveromatlime,

83 3834 236 3913 ρεμὸολή),
260 3838 371 3915 quippe
389 3840 441 3914 qui
466 3838 530 3896 loca
550 3836 714 3898 inhabitata
736 3856 791 3897 nec
810 3836 870 3897 nisi
911 3830 1695 3913 caicaurbspatriaerat,splendidissimismonumen·

84 3930 190 4005 priscis
202 3932 306 3990 castris
319 3931 431 3991 nobilia
445 3944 546 3991 notare
558 3952 617 3993 non
629 3932 730 3991 soleat.
746 3932 802 3991 Sed
815 3932 871 3991 hoc
911 3934 950 3991 tis
972 3945 1137 4001 omaretur,
1160 3943 1289 4009 portum,
1313 3929 1501 3989 utilissimum
1528 3929 1697 3988 divitiarum

87 4038 118 4083 ut
129 4039 163 4083 ut
176 4038 237 4098 est,
252 4026 382 4087 dubitari
391 4030 511 4106 nequit,
523 4030 598 4107 quin
612 4029 696 4087 vicus
710 4027 741 4087 in
753 4028 871 4087 Castro·
911 4027 1153 4097 instrumentum,
1173 4046 1191 4083 a
1210 4024 1318 4083 Severo
1336 4044 1443 4101 susque
1461 4025 1554 4102 deque
1565 4023 1696 4081 habitum

87 4141 151 4179 mm
171 4122 268 4181 locum
288 4142 347 4183 non
372 4126 545 4184 successerit
568 4137 634 4184 ante
659 4136 791 4203 tempora
813 4126 871 4183 bu·
911 4122 1115 4198 undarumque
1141 4119 1273 4180 ludibrio
1287 4118 1438 4196 proditum
1462 4136 1524 4177 esse
1538 4137 1623 4175 nemo
1636 4136 1695 4174 non

85 4218 180 4293 gusti3
206 4237 260 4277 nec
285 4220 383 4278 minus
406 4219 602 4299 probabiliter
621 4234 730 4281 statuas
750 4232 870 4299 portum
911 4236 977 4275 cum
997 4215 1126 4287 Bartltio,
1142 4214 1309 4273 doctissimo
1327 4212 1429 4290 Libyae
1440 4213 1634 4291 exploratore,
1645 4230 1696 4269 ne-

85 4313 171 4371 istum
183 4332 201 4371 a
212 4314 309 4373 nautis
322 4313 495 4373 hibernandi
507 4335 593 4375 causa
607 4329 668 4375 tum
682 4316 799 4375 demum
810 4314 869 4373 ire-
911 4314 1033 4389 paverit.
1060 4311 1160 4390 ltaque
1175 4324 1239 4389 post
1255 4329 1363 4369 annum
1386 4329 1443 4367 noo
1458 4330 1487 4387 p.
1502 4308 1533 4369 C.
1550 4308 1695 4387 periplum

86 4410 220 4485 quentari
246 4423 372 4488 coeptum
397 4428 459 4470 esse
484 4430 576 4489 quum
603 4411 757 4489 proximus
778 4408 870 4468 Uticae
911 4402 1696 4485 scriptumessepersuasumest.dhalterapartelaeptis

86 4518 188 4580 portus
202 4505 264 4563 luto
275 4518 303 4563 et
316 4524 404 4564 arena
424 4506 539 4565 inutilis
551 4518 693 4567 evaserat.
708 4508 781 4563 Nam
802 4524 869 4583 por·
910 4502 983 4561 urbs
997 4502 1094 4561 Nostri
1111 4498 1291 4579 temporibus
1310 4499 1439 4558 nondum
1462 4496 1550 4556 bellis
1564 4497 1696 4555 Asturia·

113 4756 146 4817 Γ)
158 4756 257 4804 costra
268 4754 349 4805 latio
363 4754 372 4813 (
386 4755 462 4804 Μία
478 4754 560 4816 codd,
574 4758 662 4817 prater
680 4766 757 4805 unum
776 4754 871 4814 mm.)
890 4751 989 4803 aliunde
1003 4762 1051 4801 non
1066 4752 1132 4801 nota.
1145 4750 1230 4801 Nescio
1242 4762 1272 4799 an
1286 4748 1335 4799 hnc
1355 4746 1473 4811 perducat
1490 4744 1620 4798 hodiernus
1631 4742 1697 4795 locus

83 4826 158 4874 Attali
170 4826 219 4884 (sic
227 4825 333 4885 sunu..
349 4824 419 4874 licto
430 4825 502 4874 llarth
515 4823 540 4873 in
549 4837 637 4887 mappa
646 4827 666 4886 ),
681 4836 754 4887 prope
765 4836 837 4885 ouem
847 4826 945 4873 cestro
961 4822 1081 4871 cornelia
1093 4820 1223 4883 querende
1235 4831 1289 4868 este
1298 4821 1405 4867 censent.
1672 4885 1677 4897 .

113 4897 159 4954 (“)
169 4894 243 4953 Quod
262 4893 375 4943 Bartlrim
393 4893 592 4955 Wunderunoen
607 4898 626 4954 Ι,
642 4908 666 4957 p.
679 4901 734 4955 tlt,
755 4898 806 4945 not.
822 4894 941 4945 amuel:
960 4913 972 4936 ι
987 4892 1078 4943 Plinius
1093 4894 1168 4943 neunt
1185 4904 1216 4939 an
1237 4890 1318 4953 irgend
1330 4890 1396 4939 einer
1407 4888 1481 4938 Stelle
1502 4887 1541 4938 die
1552 4890 1636 4936 castra
1656 4896 1696 4933 ern

81 4964 428 5026 oppidumsttpenutcrmm,
442 4966 489 5013 wie
502 4965 607 5013 llorcelli
617 4964 717 5014 antuini
726 4984 748 5023 ι,
762 4965 850 5015 frustm
864 4960 1095 5027 quaeritarem,
1108 4964 1150 5024 qul
1163 4960 1329 5010 Corneliorum
1339 4962 1487 5018 castrorum,
1498 4958 1616 5020 qrrautum
1625 4954 1695 5017 equi·

81 5034 137 5082 dem
148 5036 212 5093 scio,
225 5034 319 5083 nonnisi
338 5035 499 5086 locolaudtto
508 5035 627 5083 meminit.
1621 5066 1624 5073 ·

112 5104 172 5163 (··”)
184 5103 295 5167 ὀρμίζοιι
303 5104 350 5153 διὸ
360 5105 388 5154 ιδ
397 5110 470 5168 χῶμα
482 5104 618 5155 ltoeterait.
631 5102 802 5155 idmonendus
815 5102 853 5153 liis
868 5103 945 5153 verbis
954 5104 1005 5153 erat
1020 5103 1087 5152 locus
1099 5100 1197 5165 Appiani
1213 5100 1236 5148 in
1247 5102 1306 5150 Pau.
1323 5114 1344 5151 c.
1360 5106 1402 5149 tts
1416 5118 1421 5147 ε
1435 5099 1457 5153 ἐς
1468 5099 1496 5146 τὸ
1508 5103 1579 5159 χῶμα
1595 5096 1696 5155 κατέρυ-

81 5189 133 5234 γσν,
146 5176 173 5223 ὃν
183 5176 228 5237 πρὸ
236 5179 279 5222 τοῦ
292 5174 385 5237 τείχους
397 5176 530 5239 εὐρύχωρον
539 5174 650 5237 ίμαὸροις
661 5174 684 5229 tr
695 5174 797 5223 διάθεσιν
810 5179 856 5223 τῶν
868 5174 967 5237 φορείων
976 5174 1093 5235 loricato
1108 5173 1134 5222 ίνι
1149 5172 1243 5220 πολλοῦ,
1255 5173 1274 5221 G
1278 5171 1293 5219 ί.
1311 5174 1407 5221 Dureau
1423 5168 1454 5217 de
1469 5168 1490 5215 ln
1504 5168 1574 5215 Melle
1589 5165 1695 5214 liether-

80 5242 237 5292 eliescurte
254 5244 419 5307 lopoproplrte
435 5243 466 5295 de
482 5246 610 5307 Cortlmpe
623 5258 646 5307 p.
659 5251 698 5295 tt.
