3775 5750
5 332 6 339 Ν
115 371 177 449 (ει)
827 366 1026 431 emmens.
1578 340 1589 359 ⁸
1716 388 1736 439 o

114 491 176 581 εἶχε
199 498 228 559 dl
249 495 344 571 νήσους
364 500 382 571 ἡ
405 496 486 575 λίμνη
508 500 577 576 τρεῖς
598 496 700 574 μείζους
723 499 768 571 τῆς
791 497 902 579 Κίρκης.
950 508 1047 561 insulas
1057 508 1170 563 bubelsut
1184 518 1237 562 tres
1250 511 1335 563 Cerne
1353 510 1474 581 majores.
1513 513 1555 567 Ab
1571 514 1676 569 liisdiei
1691 534 1738 569 na·
1782 526 1786 535 ’
1820 524 1823 527 ’

113 587 175 668 Ἆρ’
187 577 224 647 ὧν
236 585 381 666 ἡμερήσιον
395 586 478 643 πλοῦν
489 584 700 663 κατανθσαντες,
715 587 749 651 είς
761 584 805 643 τθν
818 585 904 665 μυχθν
949 595 1081 664 rigatione
1088 595 1203 667 perlecto
1212 597 1363 650 interiorem
1375 596 1446 650 lacus
1454 616 1584 654 recessum
1592 604 1735 671 attigimus,

113 679 164 747 τῆς
179 674 274 751 λίμνης
290 671 491 753 ήλθομεν,θπθρ
508 672 600 753 ήνθρη
614 672 727 750 μέγιστα
742 671 902 751 θπερίτιινε,
949 700 1029 753 supra
1042 701 1121 754 quem
1140 694 1243 736 montes
1263 684 1371 736 maximi
1389 686 1560 753 assurgebant
1576 687 1738 741 silvestribus

113 763 204 839 μεστὰ
219 760 363 841 ἀνθρώπων
376 760 484 841 ἀγρίων,
498 758 616 839 δέρματα
629 760 721 841 θήρεια
735 760 903 837 ε’νημμίνων,
950 770 1102 824 bominibus
1115 771 1214 836 referti,
1226 771 1305 843 pelles
1324 771 1420 825 ferinas
1430 774 1540 840 indutis,
1552 778 1596 847 qui
1613 794 1737 830 saxorum

113 850 140 909 oi
163 850 267 931 πίτροις
281 849 422 929 βάλλοντες
441 847 579 931 ἀπήραξαν
591 851 680 927 ἡμᾶς,
697 847 839 915 κωλύοντες
859 850 905 907 ἐκ·
950 857 1071 928 conjectu
1088 858 1246 930 depellentes
1266 877 1315 911 nos
1328 861 1471 929 quominus
1488 862 1675 931 egrederemur
1693 860 1755 916 na?

114 938 208 1009 θῆναι.
951 944 1027 997 ribus
1041 945 1246 1016 impediremnt.

159 1046 196 1085 ιο.
211 1023 332 1083 Ἐκεῖθεν
351 1021 475 1088 πλίοντες
495 1023 533 1089 εἰς
550 1020 638 1097 ἕτερον
652 1020 766 1099 ἤλθομεν
786 1020 906 1098 ποταμθν
989 1046 1032 1084 ιο.
1051 1031 1122 1083 Hinc
1135 1031 1286 1100 navigantes
1298 1030 1327 1083 in
1340 1031 1550 1086 nliumrenimm
1562 1036 1672 1087 fluvium
1682 1052 1738 1087 ιιιε-

116 1114 203 1191 μὲγαν
223 1112 269 1171 καλ
288 1110 404 1183 πλατθν,
418 1110 534 1188 γε’μοντα
556 1109 731 1190 κροκοδείλων
751 1110 796 1169 καλ
815 1108 906 1169 ἵππων
950 1132 1033 1186 gnum
1055 1116 1205 1187 latamque,
1229 1117 1276 1187 qui
1298 1116 1392 1189 plenus
1414 1128 1470 1171 erat
1491 1120 1686 1174 crocodilorum
1712 1132 1738 1173 et

49 1252 54 1257 .
115 1198 268 1277 ποταμίων.
300 1194 383 1258 Ὅθεν
394 1196 427 1268 δὴ
439 1198 520 1256 πάλιν
532 1196 744 1279 θποστρίψαντες
756 1199 791 1263 είς
803 1196 906 1278 Κίρνην
950 1220 1082 1273 equorum
1100 1203 1275 1257 fluviatilium.
1312 1203 1380 1256 Inde
1401 1203 1491 1259 denuo
1513 1208 1611 1259 reversi
1634 1208 1738 1260 Cernen

116 1286 314 1363 ὶιτανήλθομεν.
951 1292 1130 1363 repetivimus.

158 1392 194 1434 tt.
206 1372 323 1433 Ἐκεῖθεν
335 1371 363 1431 δὲ
381 1370 425 1430 ἐπὶ
444 1370 612 1451 μεσημθρίαν
627 1370 792 1449 θπλεθσαμεν
804 1371 906 1431 δώδεκα
988 1396 1031 1432 ιι.
1050 1380 1120 1433 Hinc
1134 1378 1272 1433 meridiem
1283 1397 1374 1433 veretas
1389 1382 1567 1451 navigavimus
1580 1400 1628 1454 per
1639 1382 1742 1437 duodo-

117 1462 240 1540 ἡμέρας,
255 1458 304 1531 τὴν
317 1464 367 1537 γῆν
379 1458 604 1539 παραλεγόμενοι,
616 1460 649 1533 ἣν
666 1468 756 1519 πᾶσαν
767 1458 904 1537 κατῴκουν
950 1470 1004 1523 cim
1011 1468 1079 1533 dies,
1088 1486 1162 1522 oram
1169 1468 1293 1539 legentes,
1301 1487 1381 1541 quem
1390 1488 1497 1523 omae·
1506 1471 1631 1526 tenebunt
1638 1472 1742 1526 AEtbio·

116 1549 246 1617 Αἰθίοπες
262 1548 400 1629 φεύγοντες
421 1550 492 1625 ἡμᾶς
505 1548 551 1607 καί
564 1550 614 1627 οὐχ
636 1547 823 1625 θπομίνοντες·
836 1545 906 1605 doti-
950 1554 1139 1627 perfugientes
1157 1574 1207 1609 υοε
1225 1574 1275 1609 nec
1291 1566 1482 1627 exspectantes.
1498 1559 1628 1627 trogium
1645 1576 1740 1611 eorum

116 1660 183 1697 νετα
194 1638 218 1695 δ’
231 1635 386 1718 ἐφθέγγοντο
397 1635 443 1695 καὶ
454 1642 508 1703 τοῖς
519 1634 576 1713 μεθ’
589 1638 666 1711 ἡμῶν
679 1634 805 1703 Atticae.
952 1642 993 1695 rel
1004 1642 1098 1695 linita
1110 1642 1157 1711 qui
1174 1641 1314 1695 nobisctm
1331 1652 1420 1707 mot,
1438 1660 1494 1695 noo
1514 1643 1701 1712 intelligebant.

161 1744 198 1787 ιι.
222 1726 265 1804 Τῇ
287 1723 311 1782 θ’
328 1715 374 1783 οὖν
394 1722 533 1803 τελευταία
552 1721 642 1803 ήρίρρ
662 1722 905 1802 προσωρμίσθημεν
988 1745 1033 1783 ια.
1048 1728 1151 1781 memo
1161 1738 1249 1781 autem
1257 1728 1302 1781 die
1313 1729 1349 1782 sd
1362 1738 1507 1797 magnoset
1516 1729 1625 1783 silvosos
1638 1740 1742 1784 montes

116 1811 194 1890 ὄρεσι
207 1810 460 1891 μιγάλοιςδασίειν.
501 1801 705 1871 Ἦνδὲτθτῶν
718 1808 829 1891 δίνδρειν
841 1809 906 1879 ξύλα
951 1815 1110 1886 appulimus.
1147 1816 1231 1885 Ligna
1241 1814 1366 1868 arborum
1381 1813 1491 1869 odor-eta
1501 1826 1578 1869 erent
1586 1818 1742 1889 generisque
1847 1848 1866 1901 3-

117 1900 208 1971 εὐώδη
222 1922 250 1958 τε
263 1898 309 1959 καί
322 1900 442 1960 ποικίλα.
951 1904 1027 1956 varii.

162 2008 197 2049 n.
215 1986 443 2069 Περιπλειίσαντες
454 1983 482 2045 δὲ
495 1990 579 2045 ταῦτα
591 1984 695 2065 ήμίρας
711 1983 755 2044 tte
769 1983 907 2065 ίγινθμεθα
990 1991 1033 2044 13.
1053 1992 1101 2043 llis
1113 1990 1248 2043 montibus
1259 1988 1334 2079 bidui
1345 1990 1511 2059 navigatione
1521 1991 1638 2043 circuitis
1649 1991 1676 2044 in
1690 1992 1742 2043 im·

115 2164 243 2219 cunuut,
264 2154 387 2225 proclivis
407 2154 522 2224 suspicio
542 2163 581 2206 est
597 2152 652 2205 illus
671 2153 740 2223 ipsus
757 2152 785 2204 in
804 2150 909 2222 Periplo
953 2151 1025 2219 Ergo
1036 2148 1132 2202 fluvius
1145 2148 1257 2201 Ramotb
1269 2166 1316 2201 seu
1329 2147 1474 2201 Bebemotb
1484 2157 1525 2200 est
1542 2148 1637 2200 fluvius
1648 2147 1742 2219 hippo·

116 2244 213 2287 nostro
222 2232 362 2302 designari.
373 2233 486 2287 Obstare
496 2230 600 2284 videtur
608 2230 681 2302 quod
688 2232 784 2283 Hanno
795 2247 844 2300 per
853 2247 908 2282 ma·
954 2228 1064 2298 potami.
1077 2251 1089 2272 ι
1105 2227 1169 2279 ileo
1179 2228 1341 2279 Βοοιικιιτοε
1352 2227 1462 2296 optime.
1476 2222 1552 2277 Idem
1567 2224 1662 2278 llurius
1681 2229 1743 2280 Pto-

118 2330 203 2381 gnum
219 2312 330 2365 fluvium
339 2314 463 2381 navigans
475 2310 509 2365 ad
517 2329 560 2363 eas
571 2310 700 2381 pervenit.
711 2311 815 2362 Verum
824 2326 908 2380 quum
929 2369 931 2378 Ι
954 2304 1045 2359 lcmaeo
1056 2323 1085 2377 p.
1098 2321 1162 2374 αρε,
1179 2323 1211 2375 ¹7
1223 2303 1321 2358 dieitur
1335 2303 1393 2377 llis.
1407 2302 1494 2357 Hodie
1507 2313 1548 2356 est
1560 2305 1676 2372 &nagal
1687 2306 1742 2359 sive
1803 2339 1807 2347 ε

118 2390 210 2441 multe
219 2392 245 2441 in
257 2388 376 2442 boesinu
386 2390 439 2443 sint
450 2406 589 2442 arenarum
597 2390 696 2454 tseoiae,
712 2406 770 2459 quae
779 2388 835 2440 eliis
844 2398 910 2440 tem·
954 2384 1068 2452 Senegat,
1083 2386 1123 2438 uti
1137 2395 1207 2437 recte
1218 2393 1336 2437 statuunt
1346 2382 1562 2452 Bougainvillius‚
1578 2384 1742 2450 licerenius,

119 2468 232 2539 poribus
243 2467 364 2521 attaeesse
372 2468 467 2533 solent,
476 2466 509 2519 ad
516 2470 582 2520 ostia
594 2470 738 2539 prasertim
752 2483 909 2535 magnorum
954 2466 1119 2528 Munnertus,
1133 2464 1256 2534 Klugius,
1272 2462 1399 2527 Ῑίλιετιυε,
1414 2463 1571 2527 Μονειείιιε,
1586 2463 1639 2515 elii.
1652 2465 1692 2516 Ne
1707 2464 1743 2517 dc

120 2547 283 2599 lluriorum:
298 2546 469 2617 probabiliter
479 2556 592 2599 statuere
604 2547 665 2599 licet
675 2562 767 2599 arenas
776 2544 839 2597 olim
851 2562 911 2615 par-
955 2542 1070 2596 Gambia
1078 2560 1139 2595 cum
1151 2542 1397 2611 Boebertooogites,
1408 2540 1509 2610 reliqua
1518 2541 1614 2612 Peripli
1626 2545 1742 2596 emutio

120 2634 176 2675 tem
185 2625 259 2675 sinus
269 2623 357 2695 paullo
367 2622 438 2677 inire
448 2624 552 2677 Cernen
562 2623 646 2677 multo
657 2624 739 2693 magis
748 2641 828 2694 quam
838 2640 910 2677 nune
955 2620 1075 2692 impedit.
1090 2621 1221 2675 Gesselini
1234 2622 1364 2692 Gailiique
1375 2621 1510 2673 sententiat
1523 2637 1578 2673 non
1591 2631 1689 2693 estcur
1701 2640 1743 2675 re·

120 2702 300 2767 obstruxisse,
313 2702 350 2755 ita
362 2712 393 2754 ut
406 2702 477 2753 inter
489 2719 581 2754 arenas
594 2712 622 2755 et
641 2703 822 2757 eontinentem
844 2719 911 2756 nou·
956 2712 1121 2753 censeantur.

121 2781 174 2833 nisi
184 2780 318 2835 modicum
330 2782 444 2852 spatium
458 2780 661 2852 relinqueretur,
672 2780 745 2854 quod
755 2782 852 2834 llsuno
861 2798 911 2853 pro
991 2782 1006 2848 ς
1018 2797 1060 2834 ιι.
1072 2800 1146 2852 μεση
1154 2778 1210 2853 μθρ
1219 2780 1243 2832 le
1248 2781 1274 2847 ν]
1287 2777 1437 2851 μεσημθρίας
1445 2776 1518 2843 cod.;
1527 2788 1557 2831 ut
1565 2782 1743 2837 accusativum

121 2860 191 2913 ostio
202 2860 306 2916 (taretia
322 2860 439 2914 lluminis
450 2858 548 2914 babere
565 2870 679 2934 poterut.
700 2859 743 2915 Ab
764 2860 910 2916 insularum
955 2858 1064 2931 pluralis
1078 2861 1201 2925 Gesner,
1214 2870 1244 2913 ut
1256 2858 1401 2930 genitivum
1412 2856 1550 2928 singularis
1561 2859 1674 2930 Klugius
1687 2860 1743 2915 vul-

121 2949 198 3009 parte
217 2939 316 2992 boreali
332 2957 416 3012 usque
436 2937 470 2991 ad
491 2941 614 2993 intimum
636 2943 709 2994 sinus
727 2958 859 2994 recessum
883 2941 911 2992 in
956 2949 1041 3008 galam
1053 2940 1120 2993 male
1136 2950 1253 2993 tuentur.
1270 2941 1328 3010 ]]-
1345 2936 1477 2990 ἇσθνετα
1490 2937 1513 2987 θ’
1531 2937 1744 3012 ὲρθίγγοντο]

121 3035 219 3088 mappa
232 3019 286 3071 oris
299 3017 437 3072 maritimae
450 3035 530 3088 quem
539 3029 600 3071 ante
613 3019 704 3073 oculos
716 3018 802 3072 babeo
819 3017 912 3090 (titrte
929 3061 932 3072 .
960 3044 972 3065 ι
985 3019 1045 3073 Aliu
1054 3019 1134 3089 igitur
1146 3037 1210 3089 gens
1226 3035 1348 3071 sermone
1367 3017 1539 3089 moribusque
1556 3016 1662 3072 dissona
1675 3020 1745 3074 bane

120 3097 155 3148 de
167 3097 194 3149 la
205 3099 260 3151 eote
272 3097 431 3150 occidentale
440 3096 582 3172 tl’Asriqrte
592 3097 686 3170 depuis
700 3097 723 3151 le
735 3116 788 3170 cop
799 3097 914 3168 Bojodor
957 3116 1010 3152 orae
1018 3109 1119 3169 partem
1127 3097 1183 3169 jam
1191 3107 1247 3151 tum
1254 3097 1380 3168 temporis
1390 3097 1529 3150 incolebat.
1539 3100 1631 3166 Quum
1642 3099 1744 3154 AEtbio-

116 3175 267 3246 jruqu’aux
277 3175 325 3228 tto
337 3173 369 3228 de
388 3177 449 3238 Ιοε,
462 3175 568 3252 publie'e
577 3195 633 3248 por
645 3175 719 3232 ordre
735 3175 772 3229 du
788 3175 845 3238 roi,
861 3189 910 3230 ete.
956 3194 1021 3248 pum
1033 3195 1131 3230 nomen
1148 3178 1190 3230 bis
1209 3177 1291 3246 nigris
1309 3193 1451 3228 commone
1462 3179 1510 3240 sit,
1526 3177 1624 3230 mirum
1637 3197 1691 3232 noo
1704 3191 1744 3234 est

125 3253 227 3324 1829),
240 3263 357 3307 trecente
369 3252 422 3306 lere
434 3265 496 3306 sunt
508 3254 606 3319 studim
639 3254 692 3306 uod
704 3255 731 3307 in
745 3254 840 3325 Peripli
852 3253 913 3326 ήμε-
956 3256 1030 3326 quod
1051 3274 1151 3326 graeeiu
1172 3257 1301 3327 interpret
1315 3255 1439 3308 boclooo
1455 3254 1548 3309 eadem
1563 3274 1627 3309 voce
1648 3260 1742 3323 utitur.

121 3331 209 3402 ρήσιον
226 3331 305 3385 πλοῦν
323 3333 386 3386 setis
408 3332 531 3403 quadret.
547 3273 650 3402 Quodsi
671 3334 743 3386 enim
764 3333 791 3386 in
810 3345 913 3388 untece-
957 3335 1117 3404 Interpretes
1130 3350 1237 3403 quoque
1256 3331 1421 3398 (admosti,
1443 3334 1489 3404 qui
1509 3333 1578 3388 bauo
1591 3351 1665 3386 orum
1678 3353 1745 3405 prae·

122 3413 266 3478 dentibus,
287 3411 334 3465 nbi
357 3412 397 3465 rel
411 3424 473 3466 note
493 3413 533 3466 vei
551 3412 656 3466 deserta
672 3413 750 3466 litora
771 3424 912 3483 praeterna-
957 3422 1087 3468 tervectus
1097 3411 1254 3477 est,borum
1268 3411 1406 3482 nigrorum
1416 3411 1533 3481 linguam
1545 3430 1600 3465 nou
1612 3413 1745 3468 intellexe-

121 3489 290 3558 vigubantnr,
319 3491 460 3560 quingente
481 3489 536 3544 lere
561 3491 646 3544 studia
666 3492 694 3543 in
720 3490 776 3544 dies
797 3493 913 3562 singulm
957 3501 1030 3543 runt.
1043 3516 1055 3537 ι
1072 3491 1211 3543 Κιυοιοε.

5 3585 6 3596 ’
121 3568 911 3640 computarelioebut,aliomtioestindoaCerneinsola,
993 3571 1081 3638 §12⁰
1093 3569 1178 3641 ὄρεσι
1204 3567 1357 3640 μεγάλοις
1381 3569 1524 3638 tactem]
1545 3571 1650 3624 Montes
1674 3572 1746 3626 silvis

121 3663 208 3718 quum
220 3647 327 3716 singulm
339 3647 422 3701 litoris
436 3659 523 3720 partes
533 3659 559 3702 et
570 3649 713 3703 fluviorum
727 3649 795 3702 ostia
804 3659 831 3702 et
842 3651 914 3704 insu·
959 3650 1072 3702 virentes
1084 3648 1199 3718 intellige
1213 3667 1264 3721 cap
1277 3651 1352 3702 Vert.
1368 3651 1392 3702 A
1413 3649 1499 3702 Cerne
1511 3649 1597 3702 insula
1609 3651 1745 3722 bucusque

122 3725 166 3790 le,
173 3735 365 3790 ete.,ooeurate
372 3726 562 3798 perscrutanda
568 3738 671 3794 εεεειιες
681 3726 753 3781 unde
760 3727 789 3780 lit
796 3736 826 3779 ut
835 3730 913 3782 unius
958 3745 1012 3782 orae
1025 3727 1162 3798 longitudo
1174 3738 1214 3781 est
1228 3727 1374 3781 stadiorum
1385 3729 1490 3782 circiter
1501 3732 1581 3794 θοοο,
1596 3729 1663 3784 adeo
1675 3743 1704 3784 ut
1717 3733 1746 3788 in

5 3833 6 3839 =
122 3802 178 3856 diei
186 3805 317 3873 navigatio
321 3802 377 3874 jam
387 3806 456 3858 inter
465 3805 611 3868 3ooetloo
619 3805 911 3877 stadiasecontlnest.ll
958 3807 1074 3878 singulos
1087 3806 1144 3860 dies
1155 3807 1333 3878 computanda
1349 3809 1403 3860 sint
1413 3807 1497 3861 stadia
1509 3809 1571 3863 350.
1584 3809 1651 3863 inde
1664 3829 1681 3863 a
1694 3829 1746 3884 cap

121 3911 161 3922 —
180 3881 292 3953 μεστὰ]
312 3884 350 3936 εἰσ
365 3883 463 3949 codex3
486 3883 612 3938 Gelenius
627 3883 736 3940 dederat
756 3884 827 3956 μετὰ.
847 3884 858 3953 ]
878 3917 915 3928 -
960 3885 1080 3940 Corneiro
1099 3886 1183 3940 stadia
1195 3896 1258 3939 suut
1277 3885 1311 3939 ed
1329 3885 1415 3951 5000;
1437 3905 1517 3957 quem
1540 3898 1652 3943 tractum
1670 3891 1747 3962 Poly-

123 3963 262 4033 δέρματα
282 3962 387 4034 θήρεια
406 3963 609 4035 ἐνημμένον]
622 3963 664 4018 Cl.
678 3964 790 4018 Diodor.
804 3967 853 4030 111,
867 3968 912 4036 49,
959 3965 1018 4020 bins
1031 3984 1074 4038 ap.
1088 3965 1156 4019 Plin.
1168 3965 1187 4018 l.
1203 3965 1221 4018 l.
1239 3976 1370 4019 memorat
1381 3976 1507 4038 tanqum
1524 3966 1612 4020 sinum
1623 3988 1745 4037 ικαροιυοι
1815 3989 1820 3998 ·

123 4043 158 4106 33
172 4043 260 4096 Varro
272 4044 312 4095 De
331 4059 360 4095 re
378 4052 444 4096 met.
457 4045 494 4108 Π,
512 4060 541 4095 ιι
551 4063 559 4108 ;
574 4045 747 4116 Hippocrates
761 4047 801 4097 De
819 4044 914 4097 morbo
960 4051 1012 4099 616
1023 4045 1091 4098 mill.
1107 4063 1185 4117 poss.
1202 4043 1293 4117 (4928
1311 4043 1380 4097 stud.
1391 4043 1414 4116 ),
1429 4046 1475 4116 qui
1493 4046 1602 4108 eborea
1615 4048 1747 4104 claudittu·

122 4139 202 4174 sacro
213 4138 241 4192 p.
255 4121 325 4185 θοις
340 4121 409 4175 ΜεΙε
422 4123 449 4186 1,
461 4125 494 4187 83
507 4123 613 4176 Morem
624 4123 642 4176 l.
656 4123 674 4177 Ι.
687 4125 724 4187 Π,
736 4141 763 4193 p.
776 4126 837 4186 466.
851 4123 911 4178 568.
959 4125 1096 4178 Surrentio
1108 4124 1293 4195 promontorio
1306 4122 1315 4194 (
1327 4141 1378 4196 cap
1391 4123 1474 4176 Blaue
1486 4123 1527 4179 vel
1539 4126 1627 4196 potius
1646 4145 1672 4179 c.
1688 4132 1747 4180 Cor·

125 4201 189 4255 ⁵80.
204 4207 214 4262 Ι
226 4199 371 4262 -λίθοις
383 4200 571 4271 βάλλοντες]
582 4201 693 4255 Diodor.
704 4202 722 4254 Ι.
733 4202 751 4255 l.
762 4218 768 4254 :
780 4199 914 4255 εθθετώτα-
959 4201 1221 4277 υείιυ].1θοιιιείιιυε
1232 4199 1304 4271 apud
1316 4200 1485 4255 Ptolemaeum
1492 4219 1521 4273 p.
1534 4219 1597 4272 αρε,
1611 4208 1747 4258 6vooatt1r

124 4299 165 4332 τοι
179 4279 238 4350 πρὸς
258 4280 351 4351 δρθμον
373 4281 415 4332 καλ
431 4280 587 4334 λιθοθολίαν.
608 4281 650 4335 Cl.
666 4298 725 4352 qum
743 4281 777 4334 de
796 4282 914 4352 Libybus
963 4281 1089 4353 ‘Eodptog
1097 4280 1197 4345 κόλπος,
1207 4282 1305 4352 quippe
1313 4298 1393 4351 quem
1402 4279 1541 4333 meridiem
1548 4299 1638 4334 νσιευε
1648 4282 1747 4336 claudit

124 4362 293 4417 Balearidurn
308 4365 371 4416 inse.
389 4374 479 4417 narrat
497 4362 568 4417 idem
579 4365 616 4429 V,
631 4367 662 4418 ιθ
675 4373 702 4417 et
716 4363 809 4417 Florus
820 4367 870 4430 lll,
886 4367 913 4430 8,
963 4359 1082 4433 Ἕσπερον
1103 4359 1178 4431 Κέρας
1192 4359 1281 4430 ἄκρον,
1304 4360 1342 4412 εἰσ
1354 4361 1426 4412 enim
1440 4369 1516 4412 vocat
1532 4362 1746 4429 promontorium

124 4445 195 4496 sicot
207 4459 267 4512 quae
276 4441 310 4496 de
320 4443 455 4496 Giruneltis
469 4443 591 4513 leguntur
601 4441 673 4515 apud
686 4442 758 4508 Gles,
770 4461 797 4516 p.
812 4445 856 4498 25.
869 4463 912 4514 7¹·
959 4438 1066 4504 Viride,
1080 4437 1146 4492 dum
1165 4437 1237 4510 apud
1254 4440 1413 4492 Hannonem
1427 4435 1545 4507 Ἑσπέρου
1562 4438 1649 4508 Κέρας,
1669 4440 1745 4501 sicuti

125 4523 163 4576 δε
175 4531 201 4574 et
213 4522 287 4592 lliley
298 4521 446 4575 scttctmte
458 4541 484 4576 u.
497 4521 587 4576 llcieen
599 4541 634 4575 αιι
645 4521 692 4575 der
704 4523 852 4576 Westkrtste
862 4523 918 4577 tend
959 4519 1043 4572 Νότου
1060 4519 1148 4590 Κίρας,
1164 4536 1218 4571 non
1229 4518 1405 4590 promontorii
1420 4527 1460 4570 est
1472 4534 1586 4584 nomeu,
1597 4518 1643 4572 sed
1656 4519 1745 4586 sinus,

127 4603 165 4655 ιἐε
184 4604 281 4654 Ionem
298 4599 436 4670 Asrilo's,
459 4619 487 4676 p.
506 4602 765 4674 171,194,eitante
784 4603 916 4658 Μονειείο
960 4598 994 4652 de
1005 4615 1059 4670 quo
1068 4617 1130 4652 mox
1142 4596 1299 4653 videbimus·

124 4701 155 4754 p.
171 4681 233 4734 582.
996 4681 1012 4748 S
1023 4680 1065 4732 13.
1081 4677 1113 4749 ἔγ
1121 4678 1270 4749 ινθμεθα]
1281 4677 1402 4748 γινόμεθα
1411 4675 1486 4730 editt.
1494 4674 1623 4742 eloodex,
1633 4687 1665 4731 ut
1675 4677 1748 4732 ride·

164 4763 179 4828 5
196 4775 237 4812 ιο.
258 4759 365 4830 ἕτερον
384 4761 524 4832 ποταμὸν
536 4762 545 4828 ]
561 4760 714 4813 Bontbotttm
727 4759 851 4831 Polybius
871 4779 914 4834 up.
960 4768 1014 4811 tur.
1032 4760 1095 4811 Dies
1108 4756 1164 4810 duo
1177 4775 1260 4828 quum
1271 4774 1326 4808 non
1336 4756 1364 4807 in
1374 4756 1431 4826 ipso
1442 4755 1675 4810 circumflectendo
1685 4775 1748 4827 pro·
1822 4825 1825 4831 Ι

124 4841 194 4897 Plio.
206 4839 494 4902 V,1rocet:Flumen
505 4839 657 4912 Boutbolrm
667 4837 805 4892 crocodilis
820 4851 845 4892 et
858 4841 917 4913 leip·
961 4837 1096 4890 montorio
1117 4836 1249 4888 consumti
1272 4835 1340 4900 sint,
1367 4831 1414 4885 sed
1433 4835 1582 4905 pertineant
1608 4853 1691 4905 usque
1712 4835 1747 4888 ad

120 4914 278 4986 populantis
296 4915 428 4984 msertetm.
442 4917 541 4972 Eodem
553 4935 586 4971 εκ
600 4917 685 4970 Plinio
705 4917 809 4970 Solinus
823 4936 847 4969 c.
870 4934 915 4989 27.
961 4915 1100 4969 Gambiam
1119 4915 1247 4967 fluvium:
1264 4932 1315 4966 vox
1337 4912 1539 4984 περιπλεθσαντες
1552 4914 1650 4967 laxiore
1669 4933 1747 4968 sensu

129 5017 142 5036 ·
160 4993 212 5046 Sed
224 4993 365 5063 legendum
376 4998 541 5063 ΒαοιοιΙιιιιιι,
553 4994 741 5050 nominelacto
752 5013 783 5048 εκ
796 4999 915 5050 Beturri.
961 4993 1116 5058 adhibetur,
1140 5003 1167 5046 et
1185 4991 1317 5063 περίπλουν
1341 4993 1516 5064 promontorii
1544 5003 1572 5045 et
1595 5004 1747 5062 sequentem

124 5073 240 5125 limmoth
247 5091 295 5126 seu
303 5091 409 5146 mne-12
417 5076 548 5130 Ιιείιειιιοτίι
554 5093 610 5128 esse
617 5075 915 5146 ltippopotantum,Job.
962 5075 1093 5127 montium
1107 5071 1250 5143 παράπλουν
1268 5071 1505 5143 comprehendens.
1519 5075 1687 5142 Quamquam
1703 5091 1748 5126 ne·

123 5155 174 5214 ήο,
187 5167 231 5216 ιο,
242 5153 274 5204 iis
285 5154 446 5221 argunientis
457 5154 566 5224 probuti
580 5154 606 5206 io
619 5153 687 5206 libro
696 5157 736 5206 De
750 5154 915 5222 animalibus,
962 5155 1018 5207 scio
1034 5172 1069 5207 au
1082 5153 1211 5223 scriptum
1233 5150 1314 5204 luerit
1336 5151 1549 5223 παραπλεύσαντες
1569 5150 1596 5204 ὀί
1610 5154 1686 5207 :roza
1699 5151 1747 5223 ἥρ.

123 5248 188 5304 que
200 5231 271 5284 eires
285 5231 461 5306 undecunque
472 5233 565 5288 domos
579 5243 715 5289 traxemnt
729 5234 756 5286 in
771 5251 915 5288 assensum.
963 5234 1018 5300 δθο,
1033 5244 1079 5287 aut
1092 5232 1297 5304 περιπλεύσαντες
1310 5233 1337 5286 δὲ
1351 5236 1439 5298 ταῦτα,
1453 5229 1552 5302 [μετὰ]
1567 5229 1612 5302 ἦρ.
1627 5231 1670 5283 δύο
1687 5230 1726 5303 ἔγ.
