3775 5750
5 403 6 406 ,
99 336 161 415 tu.)

98 490 141 527 aas
159 468 307 546 Σειρηνίδες
322 466 419 549 Κίρκης
431 492 457 527 τε
472 472 545 539 νῆσοι
557 470 707 549 λεγόμεναι.

160 556 220 615 Εἰσί
233 557 254 613 δ’
271 556 359 615 έπάνω
372 555 420 632 μὲν
433 559 484 613 τῶν
499 559 643 634 Πελασγῶν
657 559 799 640 Ὀμύρικοί
809 606 854 637 ,...

158 644 202 711 οδς
215 642 290 725 ᾤκισ’
304 647 351 701 οὑκ
366 644 468 723 Κίρκης
481 644 607 705 Ὀδυσσεῖ
618 646 753 723 γενόμενος

159 736 287 808 Αατῖ-νος,
300 730 416 798 Αύσονές
428 756 456 790 τε
473 732 608 809 μεσόγειον
621 736 702 791 τύπον

157 820 274 897 ἔχοντες,
289 818 384 879 Αὕσων
396 818 440 886 οὓς
453 820 598 879 συνοικίσαι
611 822 699 897 δοκεῖ,

98 928 141 967 2³0
158 908 307 975 Ὀδυσσέως
318 912 380 975 παῖς
393 906 438 966 καί
451 910 593 989 Καλυψοῦς
604 910 751 987 γενόμενος.

160 996 208 1057 Ἐν
220 1004 272 1062 τοῖς
286 994 369 1053 ἔθνεσι
381 994 481 1061 τούτοις
496 995 523 1054 ll
536 994 631 1073 Ῥώμη
646 997 711 1055 ’στίν
725 999 798 1064 πόλις

160 1083 249 1163 έχουσ’
261 1082 405 1164 ἰρόμιλλον
419 1086 451 1162 τῇ
467 1083 577 1161 δυνάμει
589 1084 634 1142 καί
649 1086 781 1163 τοῦνομα,

158 1172 254 1250 ἄστρον
268 1195 293 1228 τι
306 1170 391 1229 κοινὸν
404 1174 451 1241 τῆς
464 1170 526 1243 ὅλης
542 1170 712 1248 οἰκουμένης,

159 1262 185 1318 έν
199 1264 232 1338 τῇ
244 1258 361 1335 Λατίνῃ·
374 1257 513 1334 Ῥωμύλον
528 1258 550 1319 δ’
562 1258 644 1330 aie-la
657 1259 745 1319 κτίσαι

99 1368 139 1403 cm
160 1346 267 1422 ύέμενον
283 1348 327 1425 ἀμ’
343 1346 422 1403 αὑτοῦ
438 1369 502 1425 φασι
514 1351 590 1405 τοῦτο
604 1346 728 1420 τοῦνομα.

161 1432 240 1493 Μετὰ
255 1432 281 1491 δί
294 1432 422 1500 Λατίνους
433 1432 504 1492 ίστιν
516 1434 543 1491 ἒν
557 1432 676 1501 Ὀπικοῖς
689 1434 762 1500 πόλις

159 1525 206 1592 τῆς
221 1520 362 1598 λεγομένης
374 1519 467 1599 λίμνης
482 1521 586 1599 Ἀόρνου
600 1522 710 1593 πλησίον

161 1609 260 1685 Κύμη,
276 1608 400 1688 πρότερον
414 1608 446 1679 ἣν
461 1610 602 1675 Χαλκιδεῖς
615 1610 763 1687 ἀπῴκισαν,

159 1686 209 1753 εἶτ’
226 1698 342 1763 Αἰολεῖς·
359 1686 411 1775 [ού
427 1696 568 1777 Κερόέριόν
583 1720 607 1755 τι
621 1697 751 1755 δείκνυται

681 306 818 403 'oanis
841 344 1075 407 nescnnno.

933 486 1066 549 Sirenides
1077 487 1217 557 Circcsquc
1230 486 1307 539 dicta·
1320 488 1419 540 insulae.

935 574 1020 642 Supra
1032 558 1150 641 Pelasgos
1163 583 1250 625 autem
1262 574 1357 625 Umbri
1369 585 1429 625 sunt
1439 612 1482 637 ,...

937 658 1044 720 Latiari,
1056 676 1123 729 quos
1134 658 1270 711 constituit
1280 658 1373 730 Ulysse
1384 670 1410 711 et
1422 661 1498 713 Circe
1510 671 1586 714 natus

937 746 1062 810 Latinus,
1079 749 1250 814 Ausonesque
1263 744 1484 798 mediterraneum
1498 747 1587 799 locum

935 841 1069 895 tenentes,
1083 836 1175 885 huson
1188 849 1255 901 quos
1268 832 1433 885 constituisse
1448 831 1562 897 ridetur,

934 918 1036 987 Ulyssis
1049 917 1117 971 filius
1126 936 1143 969 e
1155 917 1266 988 Calypso
1276 928 1437 988 procreatus.

936 1004 969 1054 ln
983 1003 1024 1055 his
1036 1014 1123 1055 autem
1135 1004 1257 1072 gentibus
1268 1014 1307 1055 est
1318 1006 1403 1055 Roma
1413 1003 1492 1068 urbs,

935 1088 1036 1141 hahens
1048 1107 1097 1159 par
1108 1090 1233 1160 potentia
1246 1090 1324 1143 etiam
1336 1107 1447 1155 nomen,

936 1186 1037 1227 astrum
1050 1174 1185 1246 quoddam
1197 1192 1339 1228 commune
1352 1178 1432 1229 totius
1444 1176 1531 1240 orbis,

935 1264 965 1314 in
978 1264 1070 1326 Lati0;
1085 1261 1228 1321 Romulum
1241 1261 1310 1314 illam
1322 1261 1471 1315 condidisse

937 1350 1117 1419 imponentem
1128 1347 1162 1399 de
1174 1366 1201 1400 se
1215 1348 1302 1400 serunt
1313 1348 1394 1401 hocce
1408 1366 1515 1401 nomen.

936 1438 1000 1489 Post
1012 1436 1120 1488 Latinos
1132 1452 1195 1486 vero
1206 1445 1246 1485 est
1257 1435 1284 1486 in
1298 1435 1388 1505 Opicis
1402 1435 1482 1499 urbs,

938 1526 1060 1586 Avernae,
1072 1539 1153 1592 quam
1164 1530 1268 1584 vocant,
1281 1520 1370 1591 paludi
1383 1522 1530 1591 propinqua
1537 1561 1545 1585 ,

919 1664 923 1677 ,
937 1610 1039 1673 Cuma,
1052 1609 1127 1679 prius
1138 1624 1218 1678 quam
1232 1606 1416 1659 Chalcidenses
1428 1607 1620 1674 condiderunt,

938 1694 1034 1748 deinde
1047 1695 1149 1761 AEoles;
1167 1694 1232 1765 [ubi
1244 1696 1398 1748 Cerberium
1410 1696 1544 1765 quoddam
1557 1697 1714 1759 ostenditur,

99 1866 168 1919 225.
181 1868 269 1919 Circes
282 1867 374 1920 insulae
385 1866 419 1920 ad
430 1868 562 1921 Circeium
575 1886 662 1939 prom.
666 1888 674 1933 ;
687 1867 828 1931 Sirenides,
844 1878 894 1919 tres
938 1866 1076 1918 emmam
1085 1866 1197 1928 colonia,
1208 1877 1232 1917 et
1235 1864 1453 1937 frequentissima
1464 1865 1648 1920 Asiaticorum
1656 1868 1724 1921 ciui·

101 1964 193 2017 parvm
206 1945 296 1998 insulae
309 1956 369 2017 post
382 1948 514 1999 Misenum
526 1964 614 2019 prom.
629 1948 698 2011 sitae,
712 1946 768 1999 aliis
778 1946 895 2016 Σιρηνοῦ-
939 1959 1026 2001 tatum
1037 1959 1077 2000 est
1085 1952 1180 2008 Curam·
1191 1946 1226 1998 nb
1240 1945 1294 1998 illis
1306 1958 1394 1998 aretem
1404 1965 1462 2017 quoe
1468 1946 1506 1998 nd
1518 1952 1651 2000 Aternum
1664 1948 1725 2001 sirie

102 2044 162 2087 σαι,
178 2023 295 2077 Sirenum
306 2025 409 2096 scopuli
423 2025 463 2077 vel
473 2037 558 2098 petrae
571 2026 580 2098 (
595 2025 659 2078 hod.
671 2025 774 2089 Licosa,
794 2026 892 2087 Pietro,

102 2104 131 2154 in
145 2102 253 2155 Galettn
269 2104 289 2174 ).
300 2105 335 2155 V.
347 2104 440 2157 Strabo
456 2107 479 2167 I,
495 2123 522 2175 p.
539 2121 584 2159 κο.
599 2106 648 2169 Vl,
660 2124 687 2177 p.
699 2106 767 2168 258;
784 2106 892 2157 Aristot.

100 2182 169 2233 tuit.
185 2196 244 2247 ιιος
257 2180 324 2234 Ptol.
335 2182 385 2245 111,
400 2181 534 2250 uvirgil.
548 2182 608 2235 AEn.
623 2200 648 2245 ν,
664 2186 726 2245 ι64ς
740 2181 807 2235 Mela
817 2184 853 2245 11,
866 2186 893 2245 1,.

938 2039 1002 2079 sunt
1013 2026 1099 2079 Cumis
1106 2025 1232 2092 originem
1242 2024 1318 2077 ducit
1327 2024 1464 2096 Neapolis.
1474 2026 1529 2077 Nisi
1541 2026 1620 2094 igitur
1628 2027 1724 2096 proba·

941 2104 1181 2158 bilioremendandi
1188 2104 1254 2157 ratio
1259 2114 1363 2173 repertu
1373 2102 1461 2167 suerit,
1470 2103 1611 2175 praestabit,
1618 2107 1723 2176 opinor,

940 2202 1020 2237 suum
1028 2184 1130 2259 auctori
1140 2200 1256 2235 errorem
1268 2182 1427 2252 relinquere.
1444 2204 1455 2230 ι
1472 2184 1534 2235 Haec
1548 2201 1611 2236 vero
1622 2186 1725 2237 inciam⁴

102 2260 148 2313 ct.
163 2262 243 2313 Dion.
257 2260 309 2315 360
328 2261 417 2331 ibique
428 2262 549 2314 Eustath.
564 2262 574 2330 ll
589 2292 625 2302 -
635 2278 698 2330 2²7·
713 2263 800 2333 ᾤκισεν
813 2261 894 2331 όκκιρ·
938 2260 1019 2315 moda
1025 2274 1120 2315 nostrae
1127 2263 1241 2314 rationes
1244 2259 1300 2329 jam
1307 2260 1571 2315 sustulerunt.Causa
1579 2274 1667 2316 autem
1673 2275 1726 2317 tur-

101 2338 257 2404 κηςσοιίειις
268 2357 320 2391 cm.
331 2342 473 2393 monne.
485 2342 608 2394 Εσῑετιιπι
619 2340 745 2393 excidisse
757 2342 784 2393 in
793 2352 892 2394 antece.

102 2418 263 2471 Latinorum
271 2420 442 2483 mentionem,
451 2436 536 2490 quum
545 2419 579 2473 nd
589 2420 646 2484 hos,
658 2438 711 2472 non
722 2418 755 2472 ad
767 2420 893 2485 Umbros,

103 2498 218 2549 Latinus
227 2500 364 2570 pertineat,
377 2516 409 2551 ac
425 2500 535 2553 omnino
546 2498 642 2553 diserta
657 2501 723 2553 latii
736 2500 835 2553 mentio
849 2500 895 2552 dc-

101 2576 246 2641 siderctur,
263 2588 332 2631 recte
346 2578 437 2631 statuit
452 2578 607 2644 Cluverius,
622 2590 746 2631 monente
763 2578 893 2633 Fabricio.

103 2659 148 2708 De
174 2656 261 2709 Latini
289 2656 443 2728 parentibus
463 2676 525 2710 cum
546 2659 644 2710 Nostro
664 2657 764 2711 faciunt
784 2658 893 2713 Hesiod.

100 2736 208 2805 Theog.
221 2736 288 2789 1013
300 2748 326 2790 et
339 2738 464 2807 stephan.
478 2755 504 2789 ν.
520 2736 665 2807 Πραιυὲατη.
687 2738 810 2791 Similiter
820 2739 895 2791 Tele-

939 2342 1035 2395 barum
1047 2343 1075 2393 in
1085 2360 1118 2394 eo
1126 2338 1269 2411 quaerenda
1277 2358 1333 2391 esse
1344 2340 1457 2405 ridetur,
1471 2338 1544 2411 quod
1555 2342 1652 2394 sciolus
1664 2346 1724 2413 qui·

939 2420 1002 2473 dam
1009 2420 1088 2473 verba
1099 2431 1182 2491 poetae
1191 2416 1238 2471 εἰτ’
1253 2418 1350 2480 Αἰολεῖς
1358 2420 1506 2472 accuratius
1512 2418 1622 2473 delinire
1632 2422 1723 2487 voluit,

940 2512 971 2553 ut
982 2501 1061 2553 sciret
1070 2501 1161 2563 lector,
1173 2497 1248 2569 quod
1255 2510 1348 2569 sponte
1355 2497 1409 2551 scre
1418 2497 1580 2567 intelligitur,
1591 2499 1724 2553 AEolenscs
1799 2515 1806 2531 '

938 2578 1007 2644 illos,
1018 2581 1064 2649 qui
1071 2581 1168 2631 Cumas
1177 2578 1305 2643 venerint,
1316 2579 1450 2631 Cumanos
1459 2576 1539 2629 fuisse
1547 2578 1684 2632 Asiaticos.
1693 2581 1725 2633 ld

941 2676 1004 2713 rero
1015 2658 1118 2711 efficere
1125 2658 1176 2710 sibi
1187 2658 1258 2710 visus
1269 2669 1308 2709 est
1316 2655 1499 2710 transferendo
1508 2657 1562 2709 huc
1571 2675 1631 2727 qnae
1637 2672 1726 2729 postca

939 2738 974 2792 de
987 2739 1099 2791 Phocea
1114 2736 1291 2809 parenthetice
1302 2736 1373 2789 dicta
1385 2746 1462 2802 sunt,
1478 2737 1527 2789 nisi
1539 2736 1612 2807 quod
1624 2740 1725 2793 nomini

102 2814 192 2867 machi
205 2826 233 2878 et
241 2816 328 2868 Circes
339 2816 423 2868 filium
441 2816 505 2869 dicit
516 2818 614 2889 Hygin.
629 2816 682 2869 sab.
701 2817 895 2888 127etClinias
939 2818 1046 2871 Φωκαία
1064 2817 1200 2871 substituit
1219 2835 1318 2870 nomeu
1337 2816 1421 2888 Κύμη,
1438 2833 1534 2888 parum
1557 2818 1726 2871 considerans

101 2911 150 2965 ap.
174 2896 291 2948 Festum.
309 2914 336 2967 p.
356 2900 408 2965 σύμ
432 2895 475 2950 ed.
498 2899 537 2950 M.
563 2898 614 2950 Alii
635 2897 711 2968 longe
729 2897 812 2951 aliter.
831 2901 841 2968 ll
860 2931 896 2940 -
939 2909 1055 2951 metrum
1076 2899 1115 2949 sic
1131 2895 1313 2968 pessumdari,
1326 2894 1399 2966 quod
1414 2894 1550 2966 quomodo
1564 2897 1726 2950 Hmschelins

102 2989 170 3040 ουρ.
195 2972 322 3036 Αύσωνοῦς
345 2977 494 3028 συνοικεῖσαι
512 2974 572 3029 cod.
589 2978 600 3046 ll
627 3007 663 3018 -
683 2978 745 3030 231.
765 2976 827 3048 ῥώμ’
845 2979 895 3034 ἐστι
939 2976 1135 3032 restituendum
1154 2977 1286 3047 putaverit
1302 2993 1383 3046 supra
1402 2975 1526 3028 indicari.
1551 2977 1672 3042 (Mirum
1692 2978 1727 3030 de

102 3051 166 3104 cod.
184 3053 243 3122 ss-
256 3055 318 3117 234.
331 3053 406 3108 αύτὸν
418 3052 478 3108 cod.
491 3056 502 3124 ΙΙ
514 3086 550 3095 -
562 3056 691 3125 239-253.
702 3058 806 3109 Horum
816 3059 895 3111 series
939 3055 992 3108 hoc
998 3056 1180 3127 supplemento
1187 3073 1273 3125 neque
1283 3055 1459 3106 Letronnium
1468 3056 1724 3123 nequeMeinekiuni

103 3131 212 3184 turbata
224 3143 271 3185 est.
287 3135 355 3200 Quae
368 3145 428 3204 post
440 3134 520 3186 verba
534 3131 581 3187 εἰτ’
592 3135 690 3197 Αἰολεῖς
704 3137 778 3190 uncis
789 3136 892 3203 inclusi,
939 3136 1087 3199 monuisse,
1105 3134 1180 3205 quasi
1193 3133 1263 3204 Κύμη
1281 3131 1331 3185 ’orl
1352 3132 1451 3185 codicis
1464 3143 1531 3184 esset
1544 3132 1631 3185 lectio.
1644 3137 1654 3202 )
1666 3138 1725 3187 Iam

104 3211 132 3261 in
146 3208 238 3262 codice
256 3210 379 3280 leguntur
397 3230 421 3265 ν.
437 3212 489 3264 α5κ
512 3224 572 3284 post
585 3213 666 3267 verba
681 3213 705 3266 ol
719 3214 847 3280 Φωκαεῖς;
865 3235 895 3270 ea
940 3231 1004 3265 vero
1017 3215 1078 3266 satis
1091 3223 1162 3283 patet
1172 3213 1260 3283 ipsum
1274 3222 1395 3282 poetam,
1410 3210 1432 3262 si
1445 3209 1529 3262 fusius
1542 3211 1671 3280 explicare
1681 3232 1725 3266 ro·

103 3300 196 3341 autem
210 3307 269 3359 quae
284 3307 332 3359 ego
347 3301 406 3361 post
423 3290 502 3344 verba
520 3291 544 3342 ol
563 3292 634 3345 Φωκ.
655 3293 775 3346 cancellis
795 3296 892 3361 notari,
939 3293 1030 3348 luisset
1040 3295 1125 3347 AEoles
1135 3295 1192 3346 illos
1201 3311 1256 3346 esse
1269 3294 1402 3358 Cumanos
1413 3292 1553 3356 Asiaticos,
1568 3293 1594 3344 id
1607 3311 1660 3346 non
1672 3305 1726 3347 tam

104 3366 192 3420 codex
204 3367 283 3420 hahet
292 3379 351 3439 post
360 3387 387 3422 ν.
402 3367 449 3422 εἰτ’
462 3367 560 3431 Αἰολεῖς
567 3369 639 3423 hunc
649 3372 677 3423 ἰιι
689 3369 800 3423 modum
810 3383 895 3425 muta·
940 3373 1035 3445 ineptis
1044 3374 1177 3427 iacturum
1188 3371 1370 3434 luissererbis,
1381 3387 1440 3441 quae
1452 3369 1535 3421 nihilo
1547 3372 1726 3440 perspicuiora

93 3443 131 3498 'ta
144 3457 170 3499 ct
181 3449 289 3500 metrice
307 3460 432 3520 corrupta
447 3465 453 3502 ι
468 3449 576 3521 μάλιστά
591 3449 613 3502 τ’
634 3449 811 3521 εύανδρουμένη
832 3451 895 3504 κατὰ
940 3451 997 3503 sore
1012 3469 1106 3504 censeo
1117 3452 1139 3502 si
1151 3466 1214 3502 cum
1227 3447 1360 3501 Meioekio
1378 3446 1450 3499 dicas
1465 3463 1472 3499 :
1491 3472 1501 3493 ·
1522 3449 1584 3499 llaec
1595 3447 1628 3500 de
1642 3451 1726 3503 euna

104 3522 151 3590 τὴν
172 3524 250 3578 Ἀσίαν
263 3525 333 3596 Κύμη
353 3529 450 3598 κειμένη
464 3528 542 3590 πόλις.
558 3531 631 3583 Patet
651 3529 772 3582 ordinem
789 3547 893 3601 geogra-
939 3529 1039 3582 AEolica
1052 3547 1107 3600 quo
1123 3527 1233 3582 consilio
1250 3526 1383 3580 addiderit
1396 3528 1518 3598 scriptor,
1530 3527 1619 3598 paullo
1632 3528 1726 3582 melius

95 3603 216 3678 'phicum
227 3605 254 3658 in
270 3604 361 3657 codice
381 3623 477 3677 susque
488 3605 575 3678 dellue
592 3608 708 3662 mixtum
725 3626 790 3672 esse,
810 3627 895 3680 quum
929 3609 1101 3679 ‘intelligetur
1115 3609 1137 3660 si
1162 3608 1297 3679 scripseris
1319 3623 1326 3660 :
1350 3606 1458 3677 μάλιστα
1477 3607 1499 3658 δ’
1514 3605 1627 3676 εύανδρος
1646 3607 1688 3678 μὲν
1709 3607 1726 3676 ἦ

104 3685 261 3737 Cerbcrium
280 3681 313 3736 ad
333 3685 429 3737 Cumas
449 3685 592 3759 pertineat,
614 3687 711 3740 deinde
725 3688 845 3758 proxime
857 3707 896 3740 se·
940 3689 1004 3742 κατὰ
1022 3687 1067 3755 τὴν
1091 3687 1168 3741 holca
1191 3687 1261 3758 Κύμη
1283 3685 1343 3739 '’ctl
1364 3688 1462 3758 κειμένη
1483 3687 1563 3751 πόλις,
1587 3688 1641 3739 sive
1664 3706 1727 3741 cum

105 3777 205 3836 quatur
223 3765 358 3838 Neapolis,
383 3783 464 3838 quam
486 3769 622 3840 excipiunt
643 3770 792 3822 Samnitum
810 3787 856 3822 ora
870 3781 897 3824 ct
939 3767 1112 3840 Bemhardyo
1124 3771 1135 3836 (
1145 3767 1221 3821 Anal.
1235 3768 1263 3819 in
1274 3783 1363 3837 geogr.
1376 3769 1479 3839 mimp.
1497 3770 1724 3840 8)proposucn's:

103 3845 169 3896 dein
184 3846 314 3898 OEootria
329 3847 355 3898 in
367 3863 450 3917 eaque
462 3847 526 3899 urbs
539 3848 611 3902 Elea.
623 3849 698 3902 Hanc
712 3850 793 3918 igitur
802 3850 895 3902 seriem
941 3846 988 3902 εἶτ’
1002 3848 1100 3910 Αἰολεῖς
1124 3847 1231 3917 μάλιστά
1245 3848 1266 3899 τ’
1290 3845 1467 3918 εὖανδρουμένη
1487 3867 1511 3900 κ.
1531 3867 1556 3900 τ.
1582 3845 1630 3900 ’λα
1656 3848 1726 3920 Κύμη

104 3923 305 3996 transponendo
314 3925 488 3979 restituimus.
500 3927 582 3980 Aliter
591 3945 648 3980 rem
661 3929 775 3980 instituit
785 3928 896 3981 Letron-
943 3928 1021 3996 [ποτὲ
1034 3930 1044 4000 ]
1056 3930 1153 4000 κειμένη
1166 3928 1245 3990 πόλις.
1272 3927 1282 3995 ΙΙ
1303 3957 1339 3966 -
1349 3927 1411 3995 239.
1431 3925 1561 3989 Αἰολεῖς
1575 3926 1727 3998 ]AEolcnscs

106 4006 178 4068 nbis,
191 4005 237 4074 qui
255 4000 373 4058 verbani
387 4005 514 4076 Κερόέριον
579 4005 768 4078 Ὀὃυσσέαμοσι
784 4005 898 4061 εἷτἈίο·
941 4009 1075 4063 Cutnanos
1100 4027 1153 4060 una
1176 4025 1238 4060 cum
1268 4005 1483 4061 Chalcidensibus
1509 4017 1625 4060 recenset
1648 4008 1727 4060 etiam

105 4084 161 4144 λεῖς
176 4085 303 4148 inseruit;
324 4081 491 4156 deindepost
504 4086 584 4139 verba
595 4086 619 4139 ol
636 4087 751 4148 Φωκαεῖς
762 4087 898 4144 collocarit
940 4089 1035 4144 Strabo
1047 4090 1084 4153 V,
1099 4105 1126 4160 p.
1142 4087 1210 4152 243,
1230 4105 1285 4140 non
1308 4105 1341 4140 eo
1357 4099 1445 4141 tamen
1467 4085 1549 4138 modo
1565 4104 1620 4155 quo
1633 4087 1727 4138 Noster

107 4163 188 4216 rerba
204 4179 210 4213 ι
226 4161 333 4232 μάλιστά
352 4163 374 4216 τ’
390 4162 567 4235 εύανδρουμίνη
589 4163 651 4218 κατὰ
672 4161 716 4230 τὴν
732 4163 809 4218 Ἀσίαν
826 4167 894 4238 Κύμη
941 4168 1015 4234 secit;
1029 4186 1091 4222 nam
1114 4169 1150 4220 ita
1171 4167 1251 4219 habet
1271 4182 1279 4218 τ
1301 4165 1386 4236 Κύμη,
1400 4165 1541 4218 Χαλκιδέων
1554 4164 1595 4216 καί
1611 4164 1726 4234 Κυμαίων

109 4243 119 4312 [
138 4241 186 4294 ’στι
198 4259 230 4294 ex
242 4240 328 4313 suppl.
341 4243 481 4296 Hoeschelii
492 4247 500 4315 ]
512 4245 627 4316 κειμένη,
641 4243 709 4298 adeo
721 4256 750 4299 ut
761 4258 820 4317 post
829 4249 897 4301 Pho-
940 4248 1107 4302 παλαιότατον
1122 4248 1225 4318 κτίσμα·
1246 4249 1330 4298 πασῶν
1344 4245 1393 4314 γάρ
1408 4243 1457 4297 ἔστι
1472 4243 1624 4314 πρεσόυτάτη
1640 4249 1689 4295 τῶν
1700 4262 1726 4295 τε

106 4339 219 4374 recuses
233 4321 302 4373 Eleae
320 4323 477 4393 nescioquo
495 4335 571 4394 paeto
591 4335 770 4378 memorentur
783 4327 896 4380 Cumani
940 4325 1074 4378 Σικελικῶν
1089 4325 1130 4377 καὶ
1148 4330 1196 4376 τῶν
1210 4321 1394 4375 ’ἰταλιωτίὂων.
1411 4322 1443 4374 Οἱ
1457 4321 1535 4374 etesi
1548 4321 1638 4373 στόλον
1650 4321 1726 4391 ἄγον-

109 4401 231 4464 llsiatici,
253 4399 350 4454 deinde
373 4420 436 4454 rero
458 4413 549 4456 contra
572 4405 694 4457 ordinem
713 4405 897 4461 introducatur
940 4424 994 4470 τες,
1014 4403 1146 4468 Ἱπποκλῆς
1159 4403 1173 4454 ό
1188 4403 1295 4471 Κυμαῖος
1314 4402 1356 4454 καὶ
1376 4402 1534 4473 Μεγασθένης
1549 4399 1724 4468 όλαλκιδεύς,

109 4481 291 4533 Cumanorum
307 4481 453 4550 Opicorum
467 4480 570 4535 colonia
587 4483 718 4555 Neapolis.
733 4487 773 4537 De
785 4503 837 4556 qua
854 4504 896 4539 re-
940 4483 1163 4554 διωμολογήσαντο
1171 4481 1230 4551 πρὸς
1241 4484 1301 4551 σμοῖς
1312 4481 1408 4545 αύτούς,
1417 4487 1465 4533 τῶν
1474 4479 1517 4551 μὲν
1527 4478 1639 4533 ἀποικίαν
1649 4476 1725 4546 εἶναι,

108 4576 168 4611 rum
178 4556 351 4611 adornatione
360 4557 508 4612 Meineltius
519 4577 526 4613 ι
541 4584 551 4610 ι
565 4565 600 4615 At
609 4565 897 4635 tmnspositio'istorum
940 4569 989 4615 τιῖιν
999 4563 1025 4615 δὲ
1037 4561 1082 4627 τὴν
1093 4561 1241 4632 ἐπωνυμίαν·
1251 4563 1307 4614 ὅθεν
1318 4565 1360 4613 νῦν
1372 4560 1414 4631 μὲν
1425 4557 1630 4630 προσαγορεύεται
1643 4559 1724 4629 Κύμη,

18 4659 21 4666 ’
108 4654 244 4701 versuum,
258 4655 342 4707 quum
355 4655 404 4708 per
421 4655 539 4692 errorem
556 4659 611 4710 quo
625 4643 717 4712 integri
730 4661 896 4714 saepeversus
940 4643 1021 4694 κτίσαι
1033 4643 1056 4693 δ’
1072 4638 1147 4706 αύτὴν
1165 4640 1295 4702 Χαλκιδεῖς
1309 4641 1417 4693 δοκοῦσι.
1438 4639 1490 4693 Alii
1502 4639 1608 4690 nonnisi
1625 4638 1727 4692 Chalci·

109 4717 166 4771 loco
178 4734 228 4770 sno
237 4717 302 4769 moti
315 4727 385 4782 sunt,
397 4715 464 4770 sacta
475 4737 530 4770 mse
540 4737 593 4772 non
606 4723 697 4792 possit,
711 4720 895 4776 difficillimum
940 4721 1033 4776 denses
1057 4731 1220 4784 memorant,
1241 4721 1292 4772 nisi
1314 4717 1387 4789 quod
1411 4718 1572 4771 Eretrienses
1595 4718 1628 4770 iis
1637 4717 1727 4788 jungit

109 4796 187 4850 habet
199 4796 372 4868 explicatum,
382 4815 431 4848 nec
442 4815 496 4868 quo
508 4799 618 4852 consilio
627 4802 745 4854 instituta
754 4800 833 4854 suerit
844 4801 896 4854 ullo
940 4801 1084 4871 Dionysius
1106 4799 1165 4852 Hal.
1184 4800 1251 4861 VII,
1267 4799 1293 4851 3.
1314 4797 1378 4849 Vid.
1400 4795 1516 4866 Vellejus
1538 4799 1561 4861 I,
1583 4801 1610 4860 ό,
1636 4798 1728 4851 Livius

109 4887 185 4948 pacto
193 4885 279 4948 potest
288 4875 405 4946 intelligi.
417 4875 563 4932 Ferendum
571 4891 657 4932 tamen
666 4891 785 4952 putarem
797 4891 823 4933 et
834 4899 896 4934 casu
940 4882 1016 4944 VIII,
1030 4897 1074 4933 or.
1085 4879 1192 4952 Scymni
1206 4878 1371 4942 sententiam,
1382 4895 1433 4930 sec.
1445 4895 1526 4947 quam
1537 4877 1669 4930 tlhlenses
1677 4895 1724 4947 po·

109 4955 202 5008 laetam
223 4955 350 5022 dicerem,
365 4957 386 5008 si
401 4965 488 5009 tamen
510 4959 544 5010 ita
562 4958 667 5013 dicendi
686 4960 786 5029 legibus
806 4960 895 5031 aliquo
940 4972 993 5013 stea
1004 4959 1112 5011 demum
1123 4957 1288 5020 advenerint,
1301 4957 1401 5010 calculo
1411 4970 1460 5009 suo
1470 4953 1617 5027 probarunt
1628 4955 1724 5008 Salma-

110 5033 189 5086 modo
206 5033 358 5087 consultum
373 5047 449 5088 esset.
469 5037 659 5090 dividemini
678 5039 814 5110 infantiam
833 5041 896 5092 seri-
940 5042 995 5093 sius
1009 5039 1042 5092 ad
1063 5039 1144 5092 Solin.
1161 5056 1189 5109 p.
1208 5056 1252 5106 72,
1268 5037 1477 5090 Cluverius'ltal.
1501 5048 1521 5089 t.
1543 5039 1579 5099 ll,
1595 5054 1622 5107 p.
1646 5039 1723 5101 nol,

110 5113 190 5183 ptoris
209 5114 237 5164 in
249 5113 321 5166 lrunc
334 5113 443 5168 modum
456 5115 643 5170 balbutientis:
659 5117 686 5169 in
690 5119 793 5189 finibus
805 5123 895 5172 OEno·
941 5118 1176 5181 hunul-ilochette,
1189 5117 1281 5170 Erant.
1298 5119 1346 5182 lll,
1363 5135 1391 5188 p.
1408 5135 1466 5170 110.
1479 5117 1562 5168 lllorit
1580 5133 1625 5166 eos
1643 5116 1725 5166 Euse-

110 5193 219 5247 triornm
232 5193 287 5246 sita
303 5205 341 5246 ert
354 5194 497 5248 Posidonia
509 5197 688 5264 Sybaritarum
702 5211 726 5252 et
744 5200 819 5252 I'rlin
832 5200 895 5252 I’lrn-
941 5201 1010 5265 bins,
1024 5203 1069 5271 qui
1083 5199 1109 5250 in
1122 5187 1380 5251 Clrronico'Cumam
1394 5196 1508 5250 Italicam
1518 5193 1649 5248 conditam
1662 5193 1727 5247 dicit
