3775 5750
87 343 174 428 ἶνιν-εί
793 350 992 415 PElllPLUS.
1668 360 1703 411 ³5

128 505 165 549 ut.
192 489 364 547 thmttot.
389 484 464 546 hiera
487 484 514 544 δὲ
532 485 873 564 Θεσπρωτίανίίασσωπία
957 496 999 546 3ν.
1020 494 1143 545 Cassera
1159 496 1220 546 Post
1231 494 1415 563 Tlresprotiam
1430 493 1703 561 sequunturl‘assopi.

86 570 159 627 ἐστὶν
173 568 253 634 ἔθνος.
277 570 389 627 otmunt
401 565 429 624 δὲ
444 566 490 625 καί
501 556 570 625 olna
584 564 653 623 κατὰ
664 564 766 642 κύματ·
797 568 871 645 tqu·
921 580 1200 652 Habinnthiquoque
1213 582 1328 633 vuarim.
1365 574 1442 632 'Litus
1453 578 1574 631 nocetum
1585 595 1668 649 usque
1679 580 1706 630 m

87 661 189 715 συιοῦσι
207 655 234 713 δὲ
247 646 318 713 οὗτοι
331 651 379 721 ίως
393 656 429 721 είς
442 654 485 712 τὸν
499 652 797 731 ’λνακτορνκὸνκσλπσκ
816 656 875 713 Πα·
919 668 1008 719 sinum
1023 668 1204 720 Anactorium.
1241 666 1707 735 PraetermvigatioCassoporumre·

15 800 18 807 .
89 736 241 815 psalma·
255 732 312 793 aa
325 737 372 805 nis
388 736 548 793 Καινινιτῶν
562 731 745 811 adauctam
761 732 873 812 ἡμέρας.
918 753 1053 821 ponsst
1067 751 1270 805 mineruae.
1308 752 1708 806 neminemneminer,

89 825 190 903 Μῑίῑρῷ
209 818 366 879 llfflw
389 820 598 899 δ’ᾸῚΜΡῦῑὸί
618 818 716 887 altro<
735 819 805 879 lfllt
823 818 876 878 dab
918 856 966 892 ore
981 856 1065 909 usque
1076 838 1110 891 ad
1126 839 1251 891 intimum
1267 848 1397 891 remum
1409 838 1497 909 paullo
1508 840 1646 891 minorest
1658 848 1709 890 sta·

89 917 137 971 τοῦ
149 910 278 985 στόματος
291 906 339 976 to<
354 908 389 975 Εἷς
403 908 448 967 τὸν
468 907 553 988 μυχὸν
572 907 685 967 ῦῖαδίῦν
699 904 751 989 px'.
793 908 833 969 Τὸ
848 908 875 967 ll
917 925 971 978 diis
982 934 1093 978 centum
1106 925 1207 995 viginti.
1246 926 1285 978 Os
1297 941 1360 979 vcro
1372 936 1412 979 est
1423 924 1571 979 stadiorum
1584 936 1708 997 quattuor

87 1000 177 1077 στόμα
192 989 265 1076 εὖρος
278 997 391 1056 σταδίων
407 994 442 1055 δ’.
918 1012 1068 1067 tamudtne,

132 1108 168 1148 a.
191 1090 371 1147 umorrn.
401 1081 478 1145 unt
502 1082 529 1143 u
554 1084 718 1145 καιαωκίαν
744 1084 876 1145 Mutant
956 1101 1000 1152 32.
1013 1101 1144 1151 Morosa.
1158 1098 1309 1168 wopam
1328 1098 1426 1168 erepat
1445 1097 1622 1151 mansorum
1634 1114 1707 1165 gem.

88 1174 247 1239 είσινίθνσς.
289 1164 717 1249 Οίιιοῦσιδὶσίτνινιατὰκιίμας·
730 1172 876 1243 καθήκοντι
920 1180 1048 1239 nubilant
1069 1186 1194 1255 pagatim,
1218 1185 1374 1252 pertingam
1397 1183 1434 1235 ibt
1456 1182 1491 1236 nd
1519 1200 1591 1235 mm
1614 1185 1710 1251 exiguo

92 1262 203 1326 ὃὲκατίν
220 1260 313 1341 μικρὸν
328 1262 440 1321 innita
454 1260 498 1319 tat
518 1261 566 1331 τλν
583 1260 726 1335 θάλατταν,
743 1262 779 1327 τίς
793 1284 875 1338 paco-
922 1282 1027 1325 taatum
1039 1270 1139 1341 spatio,
1164 1267 1258 1339 mqjori
1273 1281 1361 1321 autem
1382 1287 1414 1322 es
1436 1280 1510 1340 parte
1525 1268 1709 1321 mediterranei

91 1351 164 1427 γείαν
187 1351 215 1409 δὲ
229 1351 325 1428 πολλῇ.
368 1347 530 1429 Περίπλους
550 1346 573 1407 δ’
587 1347 643 1407 ίατλ
662 1352 709 1420 τῆς
726 1349 876 1417 Μολοττίας
916 1366 992 1410 sunt.
1030 1355 1259 1425 ihtternatIgatio
1277 1356 1406 1408 Molossia
1425 1366 1464 1409 ast
1479 1353 1627 1408 stadIorum
1646 1372 1710 1426 qua-

89 1437 179 1519 χτίνρας
191 1438 303 1497 σταδίων
319 1437 357 1513 μ’·
919 1444 1050 1515 draginta.

131 1546 167 1586 τε.
185 1533 356 1587 ΔΜΒΡΑΚΙΑ.
370 1525 446 1585 Μετὰ
458 1522 486 1583 ll
501 1523 652 1585 λίαλσττίαν
664 1520 814 1605 Ἀμίρακία
828 1526 876 1587 ne'·
956 1532 1001 1586 ts.
1017 1536 1175 1587 Aaronem.
1190 1532 1255 1584 Post
1264 1529 1416 1582 Idoloesiam
1426 1528 1566 1582 Ambracia
1576 1540 1625 1595 est,
1638 1531 1711 1584 Gra—

90 1618 130 1681 λις
141 1614 272 1686 Ἑλληνίς·
285 1612 500 1693 ἄτίχτιδίαίίτη
512 1611 567 1671 ἀπὸ
579 1611 710 1685 θαλάττης
724 1614 819 1673 στάδια
832 1615 873 1675 π’.
918 1636 952 1673 oa
973 1620 1075 1673 civitas.
1113 1624 1137 1672 A
1158 1618 1225 1671 mari
1241 1616 1322 1671 distat
1341 1617 1424 1670 stadia
1444 1620 1588 1687 octoginta.
1626 1617 1711 1671 Habet

89 1698 171 1761 Ἐστι
186 1701 213 1760 dl
230 1700 276 1760 καί
287 1700 332 1759 lnl
346 1700 476 1773 θαλάττης
487 1702 574 1779 τεῖχος
585 1699 632 1758 xal
643 1698 725 1777 λιμὴν
743 1701 874 1770 κλειστίς.
921 1707 1000 1759 etiam
1010 1704 1044 1759 ad
1055 1722 1128 1757 mare
1136 1704 1331 1757 munimentum
1340 1714 1482 1775 etportum
1492 1703 1618 1757 clausum.
1643 1706 1711 1758 ilinc

93 1790 231 1851 Ἐντεῦθεν
245 1790 355 1869 ἄρχεται
368 1794 385 1861 ἡ
397 1780 499 1855 Ἑλλὰς
512 1788 623 1867 συνεχὴς
634 1776 702 1847 τίνει
717 1788 797 1871 μίχρτ
812 1793 873 1863 tta-
920 1791 1316 1879 Gweiacentinuaesseineipit
1326 1790 1674 1862 usqueadllumeuPeneum
1685 1804 1712 1845 et

95 1928 269 1939 ...-—-.-—-
695 1926 1695 1939 ——·—-———-——--—-——--——-—-·-—-————-—-—-—-1

131 1982 203 2049 531.
221 1980 301 2051 Apud
315 1979 469 2034 Strabonem
478 1980 540 2043 vlt,
556 1996 583 2051 p.
601 1980 651 2044 3σ4
673 1982 792 2053 l'nssopi,
811 1995 879 2053 qaos
921 1998 967 2035 sos
988 1984 1120 2054 pertinere
1135 1981 1202 2035 dicit
1221 1980 1329 2051 Scylax,
1354 1982 1512 2051 antiquioris
1532 1984 1615 2035 aetatis
1641 1986 1712 2035 testi·

90 2060 265 2121 ίίασσωταίονς
277 2058 352 2125 dicit,
366 2069 510 2131 perseraat
521 2059 741 2130 Thesprotorum,
754 2062 799 2130 qui
818 2060 879 2113 ideo
924 2064 1111 2114 moniamease
1122 2060 1259 2113 contendit
1269 2060 1370 2114 Gallius
1380 2078 1408 2131 p.
1422 2076 1483 2114 aro.
1496 2066 1531 2114 At
1544 2062 1712 2115 Dicaarchns

90 2157 175 2209 usque
192 2138 225 2192 ad
241 2138 407 2193 Ambraciam
427 2136 609 2209 pertinebant,
629 2148 659 2191 ut
669 2137 740 2209 apud
760 2139 879 2192 Herode·
922 2142 960 2208 [i.
980 2158 1004 2193 e.
1027 2142 1169 2211 Dionysius
1188 2138 1360 2210 Calliphontis
1377 2138 1415 2207 ί]
1437 2143 1534 2209 Anagr.
1556 2139 1658 2193 Hellad.
1677 2144 1711 2205 45

92 2220 222 2283 tumVII,
238 2222 282 2287 47.
297 2218 354 2285 ll-
365 2216 475 2271 ἐλάττων
486 2220 496 2285 ]
507 2215 603 2269 ἐλάττω
615 2216 707 2270 codex.
729 2221 789 2287 l-
801 2217 878 2271 ’Arar-
922 2222 1028 2273 Orestas
1041 2237 1124 2291 prope
1142 2217 1305 2272 Arachthum
1324 2236 1429 2271 amnem
1445 2218 1479 2271 ad
1492 2220 1580 2272 sinum
1597 2220 1709 2274 Ambra·

90 2298 250 2368 κτορικὸς]
262 2319 275 2343 ν
285 2296 361 2350 Solus
371 2307 409 2349 est
420 2296 512 2367 Scylax
525 2298 734 2366 quicumsinum
744 2298 880 2369 aieappel·
920 2298 994 2350 cium
1007 2298 1127 2351 hahitare
1139 2296 1236 2363 relert,
1251 2298 1388 2349 Hecataeus
1400 2296 1409 2369 (
1420 2296 1454 2349 ir.
1470 2314 1514 2367 77.
1527 2297 1536 2369 )
1549 2300 1655 2351 Orestas
1665 2318 1713 2370 pos

91 2373 363 2447 larerit;Thucydidi
378 2376 400 2439 I,
423 2375 494 2427 5501
510 2374 635 2426 omnihus
648 2374 704 2427 aliis
722 2373 878 2446 Ἀμὸρακικίς
924 2376 1018 2447 pulum
1037 2375 1213 2429 Molossorum
1233 2374 1319 2428 dicit:
1339 2376 1428 2447 itaque
1447 2384 1504 2429 tum
1525 2376 1638 2429 Hecataei
1654 2387 1711 2430 tum

91 2456 203 2509 diciurr.
226 2458 423 2509 ‚Pronurus
449 2452 622 2506 Probabiliter
641 2466 703 2506 tero
727 2464 820 2507 auctor
841 2473 875 2508 ex
923 2456 1069 2509 Dicaearchi
1082 2466 1157 2509 etate
1176 2454 1352 2508 Molossorum
1371 2456 1524 2508 Orestarum
1545 2454 1612 2508 ditio
1623 2466 1711 2508 exten·

91 2554 147 2605 quo
156 2536 212 2587 haec
220 2536 301 2605 petita
310 2543 381 2597 sunt,
389 2532 416 2585 id
425 2550 522 2585 nomen
533 2550 587 2585 uon
598 2534 647 2584 nisi
656 2532 795 2585 deeosinu
807 2532 881 2586 adhi·
923 2533 1036 2587 debatur
1045 2532 1174 2605 usquead
1186 2535 1259 2588 bunc
1269 2536 1368 2597 sinum,
1380 2532 1427 2585 sed
1440 2531 1603 2585 hauddubie
1617 2534 1712 2603 exiguo

93 2614 187 2666 huitin
197 2630 252 2683 quo
262 2614 341 2665 situm
354 2611 535 2675 Anactorium,
549 2613 649 2682 quique
663 2612 794 2664 interioris
806 2614 880 2666 sinus
924 2624 1028 2667 tantum
1042 2624 1142 2678 tractu,
1157 2630 1240 2683 quum
1259 2614 1287 2664 in
1306 2610 1394 2664 media
1418 2622 1487 2664 term
1505 2609 1597 2664 latiore
1612 2611 1712 2665 hahita·

95 2692 243 2746 Amba-acici
257 2692 330 2762 quasi
349 2690 467 2761 πρόθυρον
482 2700 530 2741 est.
547 2692 558 2761 [Ι
574 2720 610 2749 -ς-
622 2688 684 2760 ρκ’]
700 2689 740 2743 Ab
755 2692 831 2745 Actio
847 2693 880 2746 ad
924 2704 984 2746 rent
998 2693 1109 2746 ambitu.
1130 2718 1140 2738 ι
1160 2692 1294 2744 Querar.
1311 2694 1347 2744 At
1364 2690 1420 2743 haec
1432 2688 1622 2744 demonstratio
1643 2691 1713 2745 nulla

94 2772 217 2823 intimum
229 2771 301 2821 εἰσιιε
315 2768 519 2821 recessumlinea
526 2776 597 2821 reeta
610 2766 715 2820 suntad
726 2770 878 2824 noostadia.
923 2784 973 2825 est.
995 2774 1063 2826 Nam
1083 2772 1225 2843 Dionysius
1245 2770 1287 2823 ille
1301 2771 1408 2823 Oreum
1428 2788 1482 2822 non
1502 2768 1536 2822 ad
1551 2768 1713 2823 Arachthum

95 2849 218 2920 Polybius
229 2857 344 2902 trecenta
363 2847 454 2900 diceas
466 2846 577 2899 nimium
596 2844 671 2900 dicit.
683 2848 781 2900 Nostro
794 2860 881 2903 autem
925 2852 1047 2918 lluvlum,
1060 2850 1107 2904 scd
1120 2849 1154 2904 ad
1174 2850 1297 2903 intimum
1315 2850 1403 2903 sinum
1416 2849 1485 2903 inter
1499 2848 1660 2904 Ambracicae
1673 2850 1713 2903 di·

94 2929 152 2980 locn
165 2928 279 2981 auctoris
297 2937 343 2980 aut
359 2925 451 2979 scriba·
467 2925 623 2996 negligentia
636 2937 752 2980 erratum
772 2946 828 2980 esse
842 2931 881 2982 rel
925 2933 1005 2985 tionis
1025 2932 1090 2985 lines
1108 2934 1238 2999 et.Argos
1257 2929 1473 3000 Amphilochium
1492 2929 1621 2982 habitasse
1636 2929 1711 2984 dicit.

95 3008 157 3060 inde
183 3007 280 3078 liquet,
308 3005 381 3077 quod
405 3005 494 3077 paullo
516 3015 575 3076 post
593 3005 739 3060 Ambraciae
761 3009 882 3080 paraplus
924 3012 989 3065 Tale
1003 3021 1090 3064 autem
1110 3007 1209 3080 aliquid
1223 3007 1257 3060 de
1270 3007 1391 3060 Molossis
1404 3009 1539 3060 Hecataeus
1557 3007 1644 3060 dicere
1658 3026 1712 3062 non

97 3086 369 3140 raostadioramesse
382 3085 490 3150 dicitur,
506 3087 685 3138 consentiente
704 3088 833 3158 Dionysio
854 3091 880 3141 in
925 3091 1021 3162 potuit.
1044 3091 1099 3142 Hos
1120 3089 1159 3141 vel
1184 3086 1243 3140 belli
1272 3086 1486 3158 Peloponnesiaci
1507 3096 1624 3158 tempore
1646 3107 1713 3141 non·

95 3165 245 3236 Anagraph.
264 3165 364 3218 Hellad.
374 3168 419 3228 44.
432 3165 480 3217 His
492 3166 571 3233 igitur
582 3165 609 3217 in
620 3165 797 3236 computanda
809 3168 882 3220 sinus
925 3167 991 3222 dum
1011 3167 1045 3222 ad
1057 3186 1130 3220 oram
1150 3185 1232 3238 usque
1251 3168 1408 3236 pertinuisse
1428 3166 1558 3235 colligitur
1578 3184 1610 3219 ex
1630 3169 1713 3222 licto

94 3244 258 3314 longitudine
272 3243 391 3297 addenda
413 3254 488 3297 erant
508 3243 542 3296 ab
558 3243 638 3296 altera
659 3254 733 3314 parte
751 3243 833 3299 stadia
848 3250 882 3310 4ο
925 3247 991 3301 doto
1005 3249 1086 3312 VIII,
1108 3251 1153 3316 47,
1180 3246 1226 3317 qui
1239 3245 1400 3315 Thesprotos
1417 3243 1563 3298 Ambracia
1584 3245 1713 3298 linitimos

92 3343 145 3377 one
159 3324 313 3387 Molossiem
329 3323 362 3375 ah
380 3322 460 3376 altera
477 3333 550 3394 parte
562 3322 590 3375 id
601 3323 675 3393 quod
689 3323 722 3376 ah
737 3324 882 3379 Ambraciae
925 3324 990 3380 dicit
1003 3326 1063 3398 (Cl.
1078 3328 1112 3379 0.
1127 3324 1223 3378 Muller
1234 3327 1292 3376 Zur
1310 3327 1391 3376 Karta
1411 3322 1457 3376 des
1470 3321 1619 3375 mntttctm
1637 3325 1710 3377 (irio

94 3403 191 3456 finibus
204 3404 411 3472 excurritusque
424 3402 458 3455 ad
474 3407 557 3472 Argos
567 3403 807 3474 Amphilochicum.
825 3409 835 3474 ΙΙ
847 3437 882 3448 -
925 3405 1065 3458 elenhnds
1080 3420 1108 3475 p.
1124 3405 1157 3455 25
1170 3403 1190 3474 ).
1204 3404 1303 3455 Contra
1323 3420 1386 3454 νειτν
1405 3401 1518 3472 Philippi
1535 3402 1710 3473 temporibus,

95 3481 153 3535 lah
175 3485 231 3536 τοῦ
254 3481 431 3552 στόματος]
450 3505 461 3526 ι
477 3482 573 3552 Liquet
585 3493 735 3554 aperturam
754 3481 833 3553 hujus
849 3486 882 3536 si·
925 3485 1023 3556 quibus
1035 3481 1169 3555 Periplum
1184 3483 1303 3534 nostrum
1317 3482 1444 3552 scriptum
1456 3497 1512 3532 esse
1525 3480 1631 3534 aliunde
1648 3481 1712 3537 satis

95 3579 144 3612 ntus
164 3579 180 3613 a
200 3560 305 3632 Scylace
322 3559 460 3625 collocari,
482 3577 535 3612 nou
551 3562 578 3612 in
595 3579 641 3614 ore
663 3561 707 3614 illo
726 3563 798 3632 quod
816 3563 880 3616 mari
926 3574 1042 3628 constat,
1057 3563 1174 3634 potentia
1196 3559 1371 3612 Molossorum
1386 3560 1482 3612 eximie
1494 3569 1570 3612 aucta
1582 3571 1638 3626 est;
1654 3572 1710 3614 tum

95 3641 204 3711 propius
220 3649 259 3693 est
276 3649 303 3693 et
316 3639 409 3692 urbem
423 3637 578 3715 hodiernam
601 3643 713 3692 Prarrsa
726 3640 815 3706 alluit,
835 3643 881 3694 scd
925 3642 1229 3713 igituradorammarit.
1244 3638 1311 3692 ditio
1321 3639 1469 3710 pertingere
1480 3639 1713 3711 coeperit3postea·

95 3720 121 3770 in
145 3718 271 3771 ulteriore
289 3735 335 3770 ore
355 3718 399 3771 illo
419 3717 491 3788 quod
510 3720 694 3788 promontorio
714 3720 839 3792 scaptidi
856 3733 883 3774 ct
926 3741 979 3794 qne
994 3725 1077 3794 ipsam
1090 3720 1256 3775 Ambraciam
1269 3719 1387 3789 Pyrrhus
1399 3719 1497 3787 regiam
1511 3720 1656 3773 corastituit.

94 3797 163 3850 delle
175 3797 311 3852 Meduana
324 3806 480 3850 contrutur.
494 3800 596 3869 Nempe
612 3801 799 3852 versuasinum
813 3803 883 3853 Ana·
963 3805 978 3872 s
1005 3802 1049 3854 33.
1077 3801 1189 3853 στάδια
1212 3798 1257 3866 τ’]
1274 3799 1315 3850 Ex
1335 3796 1428 3850 iisdem
1450 3797 1568 3851 fontibus
1590 3799 1713 3855 hauriens

13 3897 14 3912 ν
94 3879 209 3930 ctorium
232 3876 414 3946 navigantibus
437 3876 627 3931 transeundum
650 3887 689 3930 est
709 3892 756 3947 per
772 3877 881 3932 alterum
927 3883 1068 3952 Dionysius
1078 3897 1111 3949 ²7
1125 3898 1131 3932 :
1144 3878 1260 3939 Σταδίους
1272 3877 1296 3929 δ’
1308 3875 1477 3947 ίχειᾶπίντῆς
1487 3877 1611 3946 θαλάσσης
1621 3877 1713 3950 dyocl-

95 3958 193 4020 sinum,
205 3973 277 4009 nune
286 3954 387 4009 dictum
406 3956 497 4008 bassin
510 3955 542 4008 de
558 3959 680 4010 Pretrsn.
697 3957 740 4010 stc
762 3958 882 4028 intelligi·
926 3961 1003 4012 νοντ’.
1021 3959 1129 4030 ἐπιφανὲς
1149 3959 1171 4009 δ’
1183 3957 1249 4028 ἱερὸν
1268 3955 1367 4022 Ἀθηνᾶς
1385 3955 1434 4008 ἔστ’
1454 3955 1480 4008 ἐν
1501 3955 1563 4028 orbay
1582 3957 1623 4010 καὶ
1637 3957 1713 4030 λιμὴν

96 4047 138 4088 tur
151 4054 201 4089 σιντ
208 4047 282 4088 extra
291 4037 379 4088 sinum
390 4037 560 4089 Anactorium
572 4035 664 4106 Scylax
678 4035 712 4107 (s
725 4037 756 4099 34
768 4035 776 4108 )
790 4037 882 4092 urbem
927 4038 1045 4100 κλειατός.
1062 4041 1159 4092 Ρινιινινι
1173 4037 1296 4089 distincte
1312 4035 1405 4088 Straho
1414 4035 1477 4099 VII,
1489 4052 1516 4105 p.
1536 4036 1588 4087 325
1602 4035 1636 4088 ad
1650 4041 1713 4090 Am·

96 4115 268 4168 Anactorium
289 4125 360 4167 reete
379 4115 464 4186 ponit.
487 4137 498 4160 ι
526 4116 651 4168 Gaurus.
670 4116 732 4166 Hac
753 4113 814 4168 lerri
837 4135 883 4168 nc·
927 4117 1042 4172 bracium
1056 4113 1422 4184 drdnlouresaedieitdllynr
1434 4113 1550 4166 σταδίων.
1563 4115 1634 4167 Urbs
1642 4134 1714 4169 nune

96 4205 207 4263 queunt,
223 4193 428 4265 necquidquam
441 4211 471 4246 ea
485 4195 587 4246 ratione
600 4192 749 4264 expeditur.
761 4195 798 4247 Os
810 4196 883 4249 sinim
927 4200 998 4250 Arte
1012 4205 1129 4249 vocatur.
1144 4198 1156 4264 l}
1166 4225 1202 4236 -
1214 4213 1243 4247 τε
1251 4191 1466 4263 ῖχοςΠινίεΙίίςε
1476 4191 1613 4263 Ἄμὸρακσν
1624 4195 1714 4247 castel·

96 4273 186 4342 Scylax
200 4271 264 4325 illud
283 4271 424 4334 intellexit,
444 4271 517 4341 quod
534 4269 658 4342 Polybius
672 4273 719 4336 IV,
740 4273 823 4337 63,3
845 4275 883 4325 iu·
927 4275 992 4340 lum,
1013 4275 1047 4328 de
1060 4293 1115 4346 quo
1134 4271 1259 4343 Polybius
1273 4273 1324 4335 IV,
1340 4276 1384 4336 61,
1400 4287 1437 4340 7:
1466 4268 1557 4341 Ὀγὰρ
1579 4270 1714 4342 Ἀμθρακός

97 4353 195 4405 tellexit
211 4361 245 4404 et·
263 4350 328 4403 alius
348 4351 459 4420 quisque
481 4348 610 4420 designari
628 4351 832 4417 existimaverit,
857 4351 883 4404 id
928 4355 979 4408 ἔστι
1002 4355 1045 4426 μὲν
1065 4354 1158 4424 χωρίον
1177 4347 1204 4404 εὖ
1223 4350 1446 4420 κατεσκευασμένον
1468 4349 1509 4401 καί
1526 4351 1714 4422 προτειχίσματι

99 4430 224 4500 inquam,
246 4447 295 4500 per
307 4427 380 4499 quod
395 4446 478 4499 prope
496 4429 601 4481 Actium
624 4447 696 4481 mare
709 4429 826 4482 Siculum
842 4430 881 4482 vel
927 4435 969 4488 ml
981 4435 1066 4504 τείχει·
1081 4435 1160 4487 κεῖται
1172 4433 1194 4484 δ’
1206 4432 1231 4484 ἐν
1247 4431 1355 4501 λίμναις,
1371 4430 1428 4501 μίαν
1440 4427 1488 4481 ἀπὸ
1506 4432 1550 4495 τῆς
1563 4431 1645 4499 χώρας
1659 4450 1713 4484 m.

97 4509 202 4560 lonium
223 4509 354 4578 irrumpit.
371 4509 428 4560 lloc
443 4508 514 4560 euim
528 4517 653 4578 quattuor
667 4517 706 4561 est
719 4507 882 4573 stadiorum,
928 4513 972 4581 γὴν
986 4514 1028 4567 καὶ
1043 4511 1144 4584 ymerii
1160 4511 1226 4582 ἔχων
1242 4510 1373 4581 rpdsodor.
1390 4508 1508 4562 inlaesam
1519 4509 1542 4558 δ’
1554 4507 1669 4581 εὐκαίρως
1682 4515 1714 4581 τῇ

98 4598 125 4638 ut
145 4587 238 4658 Scylax
258 4587 319 4639 satis
331 4597 401 4639 reete
418 4587 468 4651 ait,
487 4587 563 4640 sicuti
580 4585 703 4657 Polybius
719 4585 753 4639 de
766 4585 883 4657 ejusdem
927 4614 954 4647 τε
966 4593 1036 4665 χώρᾳ
1048 4574 1097 4646 {aar
1116 4590 1302 4662 Ἀμθρακιωτῶν
1319 4589 1360 4641 καί
1376 4587 1407 4660 τῇ
1423 4585 1504 4640 πόλει,
1518 4586 1559 4640 Cl.
1574 4587 1611 4640 ib.
1627 4606 1650 4640 c.
1668 4591 1712 4642 63.

98 4666 235 4718 latitudine
246 4665 328 4718 dicit:
345 4665 423 4718 λείπει
437 4669 485 4718 τῶν
498 4667 569 4719 πίντε
590 4666 704 4718 σταδίων.
719 4667 837 4720 Alterum
854 4685 884 4719 os
927 4655 1012 4726 Situm
1030 4671 1064 4724 ad
1078 4672 1163 4743 ripam
1185 4669 1256 4722 ssuvii
1270 4655 1508 4736 sinistrampropc
1528 4664 1597 4718 Fido
1615 4679 1712 4720 casam.

98 4744 179 4816 duplo
193 4745 270 4798 latius
282 4755 331 4799 est.
347 4745 427 4813 Quod
446 4756 533 4799 autem
548 4749 563 4814 s
578 4747 611 4809 34
627 4747 654 4798 in
674 4745 766 4799 codiee
778 4746 881 4817 legitur,
927 4754 963 4804 V.
977 4749 1065 4804 Iaealae
1077 4753 1104 4814 I,
1123 4767 1151 4821 p.
1166 4752 1227 4810 aad.
1247 4750 1305 4816 14-
1318 4744 1479 4812 κλειστός]
1498 4743 1540 4797 Sic
1555 4744 1713 4816 Dl⁰⁰5⁵lust

101 4827 273 4879 Anactorium
292 4825 384 4878 urbem
399 4836 472 4879 extra
491 4827 580 4880 sinum
600 4827 788 4880 Anactoricum
807 4829 884 4882 sitam
928 4827 1060 4890 κάλλιστος
1075 4826 1168 4880 codex.
1189 4825 1229 4878 Cl'.
1251 4827 1350 4877 Lucan.
1365 4825 1402 4889 V,
1422 4824 1493 4876 651:
1516 4841 1616 4894 oraeque
1637 4825 1713 4876 ινιιιίί-

99 4923 163 4968 asse,
174 4905 671 4959 adeoutAnaotoricussiuusdirersus
683 4905 792 4958 loretab
803 4907 845 4960 illu
856 4909 882 4962 in
925 4927 991 4976 grans
1009 4905 1159 4962 Ambracia
1168 4915 1273 4977 portus.
1290 4905 1300 4972 ΙΙ
1323 4933 1360 4944 -
1378 4903 1489 4957 ἐντεῦθεν
1510 4902 1612 4973 ἄρχεται
1634 4903 1680 4955 κτλ
1703 4907 1713 4972 ]

99 5001 152 5054 quo
162 4985 226 5038 urbs
238 4985 402 5054 cognominis
414 4994 479 5048 etat,
495 4985 522 5037 id
534 4985 637 5038 nonnisi
647 4985 817 5039 librariorum
828 4997 883 5040 stu·
929 4989 991 5041 ttae
1004 5003 1110 5057 quoque
1121 4983 1213 5036 eadem
1227 4981 1306 5034 habet
1320 4982 1462 5053 Dionysius
1476 4982 1508 5033 31
1524 4999 1594 5051 sqq,
1615 4981 1714 5035 iarruem

100 5065 156 5132 parri
172 5063 211 5115 rel
225 5063 385 5133 negligentia
397 5062 520 5134 imputari
534 5073 627 5134 potest.
640 5064 675 5114 V.
688 5063 765 5116 inita.
929 5065 1037 5118 herlans
1057 5064 1174 5117 Plrilram
1188 5061 1385 5124 Atherrt'rnsrm,
1403 5061 1498 5132 Peripli
1510 5071 1653 5112 auctorem.
1670 5060 1711 5113 Cl.

134 5145 150 5210 5
169 5143 213 5195 da.
227 5141 403 5210 λίολσττία]
416 5144 454 5195 sic
470 5141 570 5206 codex;
592 5140 719 5194 λίολοττοί
729 5141 803 5195 editt.
822 5145 832 5212 ll
849 5173 885 5184 —
929 5143 997 5196 inira
1010 5142 1068 5212 §65
1095 5142 1105 5208 ΙΙ
1117 5171 1153 5181 -
1164 5137 1326 5210 συνεχὴςΙ,
1340 5142 1475 5204 continua,
1487 5155 1541 5190 non
1552 5137 1663 5208 amplius
1675 5141 1713 5191 in·

101 5217 192 5276 σίνται
203 5225 213 5291 ]
226 5224 298 5277 Fort.
315 5221 363 5276 luit
376 5223 417 5276 καί
430 5219 506 5276 οὗτοι.
531 5247 540 5268 ι
558 5222 638 5290 Quod
653 5221 685 5275 ad
702 5239 773 5274 mare
786 5222 883 5275 Molos·
929 5230 1056 5292 terrama,
1072 5230 1100 5274 ut
1116 5221 1142 5272 in
1155 5219 1386 5283 antecedentibus,
1401 5219 1444 5272 uhi
1459 5235 1559 5289 sparsas
1580 5218 1606 5268 iu
1621 5215 1713 5271 harim·

1598 5309 1619 5348 a.
