3775 5750
213 371 291 414 xxvi
860 345 1160 406 Pnotnootstttn.

211 485 243 542 in
255 481 417 562 majoribus
427 479 574 540 distentiis
590 475 692 536 Noster
707 495 766 534 non
779 475 883 536 utitur.
898 475 996 533 Altera
1037 473 1114 532 Sane
1127 470 1246 547 quidem
1255 470 1287 530 in
1300 469 1340 528 iis
1348 487 1465 546 quoque
1473 487 1539 546 quae
1546 480 1612 544 post
1626 468 1686 543 cop
1700 470 1773 523 Veri
1785 487 1831 524 se·

212 599 278 655 quae
289 577 398 636 excidit
416 575 554 634 distantia
572 584 650 650 patet
663 571 753 629 iiiios
772 569 887 628 dierum
903 571 997 648 quin-
1038 581 1180 648 quuntor,
1195 567 1226 626 in
1242 567 1373 642 singulos
1383 565 1447 624 dies
1457 565 1575 622 nonnisi
1589 565 1718 632 loo-too
1729 562 1832 620 stadia

210 691 288 750 que3
300 691 366 732 nam
383 669 515 730 aCarico
529 687 614 726 muro
629 665 666 724 ad
684 663 793 736 Tentist
811 665 932 724 fluvium
943 685 997 743 po·
1040 665 1205 743 computari
1218 676 1357 742 possum,
1372 675 1406 720 ut
1422 673 1501 721 recte
1512 661 1627 718 monuit
1645 659 1827 731 llennelius,

212 767 311 834 nendo
336 785 428 844 usque
449 765 486 824 ad
504 763 608 822 Lixum
628 772 697 820 suut
710 758 804 818 stadia
817 779 892 818 aooo
903 759 998 838 t').-
1041 779 1095 819 uec
1115 760 1185 818 latet
1204 757 1270 835 ejus
1293 761 1335 816 rei
1352 776 1454 829 causa,
1470 775 1536 815 nam
1555 756 1698 833 usquead
1718 754 1830 813 Lixum

212 867 327 926 000000
341 863 478 935 insulam,
490 863 541 938 qui
557 879 594 918 ex
606 860 672 936 ipso
684 856 827 915 Hannone
840 857 998 930 sitnmejus
1040 856 1165 916 fluvium
1177 853 1277 912 omnia
1285 867 1354 913 nota
1362 866 1456 927 erant,
1470 865 1624 930 sequentes
1636 871 1707 910 vero
1715 864 1832 910 tractus

213 961 336 1023 delinire
351 957 541 1026 studuerunt,
558 968 592 1013 ut
610 952 780 1022 liumusins,
801 951 996 1023 D’nnrillius,
1040 973 1120 1011 nunc
1138 953 1267 1030 primum
1289 951 1494 1028 explorarunt,
1517 954 1547 1006 in
1561 949 1622 1007 illis
1636 949 1728 1026 igitur
1744 950 1832 1006 navi-

212 1053 392 1125 Rennelius,
403 1051 427 1109 U
432 1052 542 1122 lentus,
551 1048 726 1118 llloversius,
737 1046 801 1118 alii,
814 1047 846 1104 in
857 1044 1000 1104 hodierna
1041 1048 1149 1125 gabant
1160 1066 1248 1126 quam
1264 1047 1330 1105 lieri
1353 1059 1467 1126 poterat
1490 1046 1653 1116 celerrime,
1678 1045 1709 1102 iu
1731 1045 1784 1103 his
1796 1044 1833 1102 dc

216 1155 342 1225 Argouin
356 1159 534 1223 agnoscunt,
549 1145 622 1203 adeo
636 1157 668 1202 ut
679 1149 822 1218 navigatio
834 1163 930 1200 uer-mr
945 1163 1000 1199 ore·
1042 1145 1188 1203 industrie
1200 1142 1398 1224 procedebant
1415 1143 1533 1200 lentius.
1554 1141 1639 1200 Cadit
1652 1143 1754 1219 itaque
1769 1141 1833 1200 len·

213 1251 315 1304 ridtenr
326 1245 471 1322 pertineat
480 1261 571 1320 usque
582 1241 618 1299 ad
626 1244 689 1317 Cap
697 1244 799 1316 Blanc,
810 1240 899 1315 unde,
909 1253 1000 1296 ortum
1043 1242 1102 1299 tior
1115 1241 1263 1316 navigatio
1277 1245 1362 1298 etiam
1375 1241 1407 1296 in
1417 1251 1538 1296 tractum
1556 1238 1607 1315 qui
1620 1251 1664 1296 est
1675 1258 1693 1296 a
1704 1237 1785 1297 Lixo
1796 1239 1833 1296 ad

214 1363 312 1400 sursus
321 1361 375 1400 ora
384 1340 563 1410 deflectente,
572 1351 640 1416 post
651 1345 707 1404 loo
717 1337 810 1396 stadia
820 1343 944 1413 Argouin
954 1337 1001 1394 in·
1044 1339 1174 1410 Cernen,
1192 1351 1221 1395 at
1231 1357 1291 1394 non
1305 1335 1382 1394 cadit
1395 1337 1427 1394 in
1441 1335 1505 1394 dies
1520 1334 1686 1410 duodecim,
1702 1335 1834 1412 quiesse

215 1438 280 1496 sula
302 1436 441 1494 occurrit.
470 1432 571 1511 ltaque
593 1451 682 1510 quum
704 1431 740 1490 ad
763 1435 825 1508 Cup
851 1435 944 1488 Blonc
963 1431 1001 1489 ab
1043 1435 1182 1492 dicuntur
1199 1433 1319 1490 aCerne
1333 1432 1368 1489 ad
1383 1444 1494 1488 montes
1508 1430 1649 1502 silvosos3
1665 1450 1734 1489 nam
1755 1429 1833 1489 bist

215 1535 321 1588 Acutae
334 1529 426 1586 fluvio
443 1528 591 1586 sinicit'ca
607 1525 684 1597 570⁰
696 1523 805 1600 stadii,
819 1543 875 1599 pt'o
895 1527 1002 1582 duobus
1044 1529 1139 1589 Cerne
1154 1529 1252 1588 insula
1273 1528 1377 1586 Hanno
1396 1526 1544 1606 profectus
1553 1537 1612 1599 est3
1627 1526 1658 1584 in
1671 1526 1772 1605 prima
1783 1546 1833 1583 ρι’.

215 1625 321 1704 diebus
345 1624 476 1699 vulgaris
505 1619 663 1696 navigandi
685 1619 762 1678 ratio
790 1619 918 1697 postulat
938 1619 1003 1678 dies
1044 1628 1195 1706 peditione
1211 1625 1376 1703 exploravit
1392 1622 1499 1684 fluvios
1515 1625 1545 1680 S.
1563 1625 1637 1679 Jean
1650 1635 1679 1681 et
1691 1626 1831 1696 SeoegaI,

216 1724 373 1781 duodecim.
388 1719 467 1790 Quin
487 1719 577 1779 lalsus
594 1718 633 1778 sit
646 1735 785 1778 numerus
802 1735 887 1795 quem
909 1719 1002 1776 codex
1045 1724 1176 1801 adeoque
1196 1734 1283 1780 totum
1300 1721 1360 1779 iere
1373 1737 1455 1778 oram
1472 1737 1538 1796 que
1548 1731 1693 1796 estusque
1711 1719 1749 1776 ad
1773 1720 1834 1794 cap

217 1818 342 1898 praebet,
354 1817 483 1876 dubitari
501 1818 619 1893 nequit,
642 1816 784 1894 suspicari
809 1834 882 1873 vero
906 1815 1003 1892 possis
1046 1825 1125 1891 Veri,
1140 1839 1201 1878 non
1215 1830 1327 1876 constat
1335 1837 1395 1894 quo
1406 1815 1547 1893 temporis
1555 1815 1662 1892 spatio,
1675 1813 1831 1886 lustravit,

217 1935 284 1974 euru
306 1915 466 1994 proiectum
491 1932 555 1972 esse
571 1912 609 1971 ab
634 1914 700 1990 ipso
717 1925 834 1970 auctore
858 1912 1014 1971 versionis¹
1046 1913 1298 1975 rerersnsdeinde
1316 1915 1348 1972 in
1363 1911 1477 1971 Cernen
1492 1911 1617 1970 insulam
1634 1923 1662 1970 et
1679 1930 1751 1969 mox
1764 1910 1834 1968 alte·

218 2030 329 2087 gamo·
351 2009 464 2068 Etenim
480 2008 624 2068 Arrianus
643 2009 674 2066 in
689 2006 798 2066 indicit
812 2027 839 2068 o·
857 2007 893 2074 li
914 2007 1004 2065 toiert
1047 2033 1108 2072 ram
1131 2011 1359 2092 expeditionem,
1376 2027 1434 2086 qua
1446 2009 1539 2083 magis
1557 2005 1708 2065 meridiem
1731 2025 1833 2065 versus

219 2105 389 2166 Hannonem
404 2106 548 2164 orientem
563 2123 669 2164 totana
684 2103 838 2180 ntnigmto
849 2100 898 2168 nit
914 2101 1004 2169 ntitas
1046 2107 1399 2190 penetraret,suscipiens,
1408 2117 1503 2162 notam
1507 2113 1572 2176 jam
1579 2124 1658 2160 oram
1665 2122 1725 2161 uno
1732 2115 1834 2160 tenore

217 2201 295 2260 πίντι
311 2199 357 2258 καὶ
376 2203 517 2279 τριήκοντα
537 2199 654 2279 insipat,
676 2199 783 2258 deindo
803 2217 885 2269 tero,
911 2217 1003 2275 quum
1047 2202 1304 2283 praeternavigavit
1313 2219 1406 2277 usque
1418 2198 1455 2257 ad
1470 2200 1530 2274 cap
1545 2201 1623 2255 Vere.
1636 2196 1723 2255 Nulla
1742 2196 1833 2274 igitur

218 2297 423 2369 inmeridiem,
436 2299 456 2356 i·
468 2316 496 2358 o·
509 2297 541 2354 in
553 2295 773 2354 meridionalem
785 2295 1004 2354 ditioaeoxont·
1049 2321 1134 2360 causa
1147 2313 1209 2359 erat
1221 2318 1273 2357 cur
1285 2297 1384 2356 iuhoc
1398 2295 1520 2372 trajectu
1536 2296 1712 2366 celeritatem
1732 2315 1833 2354 cursus

219 2414 295 2466 sum,
311 2393 486 2465 deflexisset,
506 2393 538 2451 in
559 2411 678 2469 magnas
698 2391 837 2451 incidisse
858 2391 1006 2469 angustias
1048 2397 1205 2456 inhiberet.
1230 2393 1302 2464 Quae
1324 2411 1414 2470 quum
1435 2393 1476 2449 ita
1493 2389 1630 2463 habeant,
1645 2389 1715 2448 vide
1735 2410 1775 2448 an
1795 2393 1833 2450 ita

219 2489 259 2549 ob
272 2507 355 2565 aqum
369 2489 523 2566 penuriam
539 2501 568 2546 et
579 2501 680 2546 aeatnm
694 2499 724 2544 ot
736 2486 838 2562 ignom
851 2498 1004 2544 torrentes·
1050 2495 1149 2572 potius
1159 2491 1343 2549 statuendum
1356 2487 1404 2548 sit.
1415 2488 1440 2544 Α
1451 2487 1525 2545 Lixo
1537 2487 1654 2546 solvens
1658 2486 1746 2565 juxta
1756 2491 1834 2564 igno

219 2585 286 2644 Jatn
299 2583 383 2642 facile
399 2583 574 2659 intelligitur
586 2583 727 2644 edomata
740 2583 802 2642 hoeo
812 2601 875 2641 otae
887 2583 923 2641 ad
934 2581 1005 2642 Era·
1049 2601 1109 2647 tum
1120 2589 1191 2646 litus
1204 2585 1385 2665 explorator,
1398 2583 1580 2642 treceoaiere
1590 2585 1716 2659 singulis
1729 2583 1833 2643 diebus

221 2679 362 2738 totthenin
376 2679 413 2736 do
432 2677 533 2756 Libyn
548 2679 642 2754 ligura
663 2678 850 2756 opinionem,
866 2677 1004 2753 anguium
1051 2686 1144 2744 stadia
1153 2683 1292 2742 emetiens
1302 2725 1310 2754 ,
1321 2681 1474 2739 duodecim
1487 2679 1600 2739 dierum
1610 2681 1715 2739 itinere
1725 2701 1833 2760 perve-

220 2792 291 2832 nero
304 2793 363 2852 quo
377 2772 598 2833 occidentalem
612 2773 803 2832 meridionaio
818 2771 917 2850 libyn
930 2773 1006 2832 intno
1053 2783 1097 2840 nit
1113 2799 1206 2858 usque
1217 2783 1252 2838 ad
1262 2777 1513 2858 promontorium,
1529 2777 1607 2853 quod
1623 2789 1729 2835 vocant
1737 2785 1833 2853 poirrte

220 2870 442 2950 dirimerentur,
456 2876 528 2951 poni
543 2870 579 2930 ad
593 2869 725 2951 Ἑσπέρου
749 2868 842 2950 cipum
856 2868 1007 2948 hucusque
1052 2877 1209 2950 Durosorci5
1218 2873 1832 2953 quocircumflexoingressusestangustum

221 2968 536 3046 igiturpertinentdies
547 2968 596 3029 isti
612 2969 662 3045 35,
673 2968 854 3046 quiprorsus
863 2968 1007 3044 quadrent
1050 2994 1196 3032 recessum
1208 2970 1386 3051 quiboream
1394 2983 1524 3029 etortum
1538 2988 1640 3028 versus
1651 2987 1704 3048 per
1715 2970 1833 3027 050010-

223 3067 253 3125 in
268 3066 332 3127 dies
347 3066 383 3134 34
395 3071 444 3139 ¹1„
456 3084 532 3142 quos
542 3084 597 3125 uos
607 3084 724 3142 quoque
737 3064 874 3142 usquead
885 3064 1007 3142 Hesperi
1050 3070 1100 3128 dia
1109 3072 1258 3148 pertinens
1271 3069 1303 3127 in
1317 3071 1430 3127 intumo
1444 3066 1551 3141 angulo
1562 3066 1650 3123 babet
1658 3065 1767 3125 ostium
1782 3065 1834 3123 flu·

221 3178 302 3219 ceras
316 3173 563 3237 computaremus,
579 3160 605 3217 si
624 3178 694 3217 sana
709 3172 784 3219 esset
802 3159 930 3235 vulgata
949 3161 1007 3218 dut
1051 3167 1094 3224 vii
1113 3170 1166 3223 itio
1184 3169 1222 3221 do
1244 3170 1317 3223 000
1335 3176 1421 3240 atque
1438 3180 1611 3241 perparvam
1626 3161 1752 3220 insulam
1771 3181 1833 3239 qua

150 3313 156 3329 ,
195 3324 198 3331 ¹
221 3254 393 3331 igiturhanc
400 3254 462 3333 jam
474 3255 584 3334 reperit
592 3254 669 3334 apud
681 3252 897 3313 Eratosthenem
911 3254 1008 3312 Arria·
1052 3276 1175 3321 vocatur
1193 3258 1448 3339 He1·ne(·'),itanc
1470 3278 1534 3319 esse
1553 3256 1666 3317 Cernen
1682 3258 1833 3317 Hipponis

221 3370 277 3412 nus
287 3364 316 3411 et
326 3350 529 3411 Eratosthenes
541 3352 571 3409 in
590 3350 710 3427 Opholae
724 3351 855 3429 periplo,
867 3361 917 3409 sut
930 3350 1007 3428 apud
1053 3372 1120 3417 ante
1128 3358 1228 3416 omnia
1236 3357 1338 3415 suadet
1350 3376 1473 3428 nomen,
1489 3354 1595 3413 deinde
1612 3356 1716 3415 insulae
1728 3354 1834 3431 magni·

222 3447 380 3505 Arrianum
394 3464 450 3523 ΡΝ)
468 3444 609 3523 tpolitti&
623 3443 810 3504 scribendum
829 3444 1008 3525 enitimini·
1054 3454 1142 3528 tudo,
1155 3468 1216 3513 tum
1232 3455 1305 3515 situs
1326 3458 1352 3513 ἐν
1367 3454 1445 3533 μυχῷ
1457 3474 1524 3519 τινος
1546 3454 1663 3526 κόλπου,
1677 3465 1738 3511 tum
1757 3450 1832 3530 quod

223 3563 314 3603 κοντα.
331 3540 400 3599 Sive
409 3540 465 3597 hoc
474 3538 618 3598 Slveillud
630 3540 777 3611 statueris,
791 3540 896 3599 Hanno
908 3540 1008 3601 aLixo
1052 3550 1159 3609 eaedem
1173 3550 1257 3609 sem
1272 3549 1345 3607 freto
1353 3548 1498 3607 Gaditano
1511 3546 1548 3606 ad
1560 3552 1671 3605 Herm
1681 3548 1833 3607 916010ὴο-

224 3636 262 3695 ad
279 3636 394 3697 Comen
407 3649 590 3715 compitum
607 3635 695 3695 debet
712 3636 775 3697 dita
791 3637 956 3700 ‘inmittim-
973 3642 1009 3698 At
1053 3649 1150 3724 ginem
1162 3659 1230 3705 sunt
1242 3646 1404 3717 distantium
1416 3663 1506 3723 porro
1519 3644 1545 3702 si
1556 3643 1654 3704 abhac
1663 3646 1762 3705 insula
1772 3666 1835 3723 pro·

225 3733 419 3792 nihilominus
443 3733 534 3791 haeret
554 3732 699 3792 dubitatio
721 3752 759 3792 an
785 3752 888 3793 revera
915 3735 1009 3796 Cerne
1055 3743 1145 3803 iectus
1160 3742 1263 3801 llanuo
1276 3742 1402 3819 primum
1417 3741 1584 3819 exploravit
1594 3761 1676 3799 oram
1693 3739 1832 3819 usquead

225 3826 379 3886 llannonis
390 3827 422 3885 in
437 3826 581 3886 hodierna
596 3827 694 3886 insula
710 3832 838 3903 Argouiu
852 3832 1010 3907 quaerenda
1053 3841 1179 3913 Sine'gal
1189 3836 1328 3909 llurium,
1345 3848 1375 3894 et
1392 3835 1627 3894 deindeeaudem
1641 3834 1740 3893 denuo
1759 3855 1834 3914 prae-

225 3924 274 3981 sit.
289 3922 361 3980 Nam
375 3926 501 3999 Argouin
520 3922 614 3981 multo
626 3921 722 4001 major
735 3936 780 3982 est
796 3944 883 4002 quam
895 3924 1008 3987 Cernen
1054 3933 1248 4012 ternavigavit
1271 3952 1364 4011 usque
1387 3932 1422 3991 nd
1443 3934 1505 4009 Cap
1519 3936 1603 4006 Vert,
1628 3932 1660 3992 in
1681 3933 1832 3993 secundam

226 4018 316 4077 fuisse
333 4018 436 4077 Hanno
465 4018 552 4091 dicii;
571 4019 677 4079 deinde
700 4021 792 4080 multo
812 4022 928 4100 longius
950 4030 1008 4082 Ar·
1052 4031 1129 4091 hanc
1149 4030 1364 4107 navigationem
1385 4029 1498 4088 dierum
1523 4030 1678 4089 duodecim
1696 4029 1773 4089 bene
1789 4048 1833 4087 cn-

225 4122 344 4191 gortina
364 4113 438 4173 sreto
462 4114 607 4174 Gaditano
629 4115 716 4174 distat
738 4136 825 4194 quam
846 4120 1007 4197 Carthago,
1054 4122 1098 4185 dit
1112 4140 1264 4204 computus
1273 4124 1532 4202 vulgaris,exquo
1542 4126 1600 4182 500
1614 4124 1707 4183 stadia
1715 4125 1749 4182 in
1758 4123 1832 4181 diem

225 4212 294 4269 ‹lum
314 4210 418 4269 llanno
438 4210 552 4269 Cernen
568 4224 597 4270 et
610 4211 813 4287 Carthaginem
831 4214 930 4273 eodem
951 4217 1009 4275 ieie
1054 4235 1260 4293 numerantur3
1276 4239 1343 4278 nam
1359 4221 1527 4277 aHernend
1541 4223 1684 4295 Canert
1696 4232 1765 4278 sunt
1779 4220 1834 4276 lere

226 4304 383 4365 intervallo
395 4306 587 4365 indedissitas
596 4326 659 4367 esse
671 4312 1010 4387 narrat3porroaCerne
1054 4318 1133 4373 6000
1146 4315 1239 4373 studia
1255 4316 1317 4373 sire
1330 4335 1365 4372 ra
1381 4326 1416 4379 ><
1431 4314 1499 4372 500.
1514 4313 1586 4382 000.
1596 4315 1695 4371 omnia
1708 4314 1741 4372 in
1759 4314 1833 4371 lian-

225 4421 318 4479 usque
332 4403 368 4460 ad
381 4415 493 4461 montes
509 4404 634 4463 silvosus
647 4408 727 4481 (Cap
742 4408 822 4483 Veri)
839 4420 1008 4485 computan·
1055 4411 1143 4469 nonis
1157 4411 1351 4467 narrationem
1367 4411 1477 4488 optime
1488 4409 1648 4487 quadrunt3
1659 4426 1830 4486 quamquam

227 4513 275 4557 tur
297 4499 360 4558 dies
377 4503 530 4569 duodecim,
557 4520 647 4577 quum
670 4502 807 4559 distantia
830 4502 907 4561 linea
932 4518 1010 4563 recta
1055 4506 1146 4563 fateor
1170 4512 1295 4579 Argouio
1319 4504 1443 4563 insulam
1471 4525 1507 4563 eo
1530 4524 1592 4562 sese
1617 4504 1831 4570 commendare,

227 4596 346 4655 nonnisi
363 4598 439 4655 3600
454 4599 614 4655 stadiorum
629 4597 678 4667 sit,
693 4596 764 4655 adeo
781 4598 860 4656 utin
878 4598 1009 4677 singulos
1054 4599 1175 4676 qnodad
1183 4600 1600 4659 cornmercianectendnmulto
1610 4602 1724 4679 aptiore
1734 4602 1764 4660 in
1773 4602 1832 4657 loco

226 4690 290 4749 dics
304 4690 514 4749 dinumeranda
527 4692 621 4751 forent
632 4690 726 4751 stadia
741 4692 808 4762 300,
820 4692 889 4751 dum
902 4694 933 4751 in
954 4712 1009 4752 an-
1054 4694 1395 4773 posiusir.-ttetiquam
1406 4697 1831 4776 navigationispartemoptime

228 4802 298 4847 tecc.
312 4788 369 4845 500
384 4788 476 4847 stedia
488 4788 601 4847 diurnae
615 4788 796 4865 navigationi
809 4787 1007 4851 attribuimus.
1055 4790 1214 4871 explicavit
1239 4790 1412 4864 llennelius,
1440 4792 1524 4870 cujus
1554 4795 1683 4852 rationes
1699 4796 1785 4853 etiam
1801 4809 1832 4847 eo

260 4940 292 5001 ζ’)
305 4942 386 4991 Stadia
403 4944 427 4991 10
445 4940 546 5004 gradum
560 4943 745 5005 geograplricum
757 4944 927 5007 computamus
940 4952 994 4997 000.
1006 4946 1077 5003 Quod
1087 4960 1135 4995 non
1149 4946 1306 5003 monuissem,
1316 4945 1360 4994 nisi
1374 4946 1513 4996 etiamnunc
1529 4949 1615 5011 passim
1626 4949 1781 4999 occurrerent
1791 4938 1829 4992 viti

228 5010 303 5071 docti,
316 5014 383 5061 varia
394 5012 451 5061 olim
461 5011 592 5061 stadiorum
605 5026 689 5073 genera
699 5027 745 5063 usu
757 5014 889 5063 obtinuisse
897 5015 1069 5065 existimantes.
1081 5020 1110 5065 V.
1124 5017 1200 5067 Utort
1217 5020 1306 5079 Geoor.
1320 5020 1339 5065 t.
1351 5020 1371 5075 l,
1381 5030 1406 5079 p,
1419 5022 1450 5066 07
1463 5030 1518 5079 sqq.

261 5080 463 5143 (**)110000οε0
474 5080 531 5131 mitri
546 5081 732 5133 extribettabula
743 5085 839 5133 nautica
848 5096 904 5145 que
911 5086 1048 5148 nuperrime
1061 5086 1148 5149 prodiit
1158 5085 1269 5135 Parisiis:
1280 5086 1507 5137 coteotcidentcte
1515 5085 1659 5150 didicique.
1671 5089 1761 5137 Portis
1772 5092 1830 5133 cort·

228 5156 299 5215 rrtse
310 5154 416 5204 eutrete
429 5156 484 5217 Cap
498 5152 609 5214 Bojodor·
622 5156 648 5202 et
663 5154 782 5217 lefleuue
793 5154 824 5205 de
840 5158 929 5206 storto
949 5160 1036 5209 uene.
1051 5156 1131 5221 nepot
1146 5154 1254 5219 uenerat
1270 5155 1302 5206 de
1315 5157 1343 5206 to
1355 5160 1466 5219 monne,
1486 5160 1556 5207 titii.
1571 5158 1610 5209 uti
1625 5170 1662 5217 ea,
1674 5169 1724 5219 quo
1733 5158 1832 5216 temporo

230 5224 407 5276 annotationem
414 5224 556 5286 scribebam,
564 5224 672 5275 nondum
681 5226 756 5277 licuit
766 5227 836 5285 Quod
845 5226 922 5279 doleo.
