<?xml version="1.0" encoding="UTF-8"?>
<!DOCTYPE html PUBLIC "-//W3C//DTD XHTML 1.0 Transitional//EN"
    "http://www.w3.org/TR/xhtml1/DTD/xhtml1-transitional.dtd">
<html xmlns="http://www.w3.org/1999/xhtml" xml:lang="en" lang="en">
 <head>
  <title>
</title>
<meta http-equiv="Content-Type" content="text/html;charset=utf-8" />
  <meta name='ocr-system' content='tesseract 3.04.00' />
  <meta name='ocr-capabilities' content='ocr_page ocr_carea ocr_par ocr_line ocrx_word'/>
</head>
<body>
  <div class='ocr_page' id='page_1' title='image "./geographigraeci00unkngoog/geographigraeci00unkngoog_0100.png"; bbox 0 0 3775 5750; ppageno 0'>
   <div class='ocr_carea' id='block_1_1' title="bbox 213 335 1164 398">
    <p class='ocr_par' dir='ltr' id='par_1_1' title="bbox 213 335 1164 398">
     <span class='ocr_line' id='line_1_1' title="bbox 213 335 1164 398; baseline 0.002 -4"><span class='ocrx_word' id='word_1_1' title='bbox 213 356 355 398; x_wconf 76' lang='lat' dir='ltr'>txxntttt</span> <span class='ocrx_word' id='word_1_2' title='bbox 867 335 1164 398; x_wconf 74' lang='lat' dir='ltr'>Puotuoottttta.</span> 
     </span>
    </p>
   </div>
   <div class='ocr_carea' id='block_1_2' title="bbox 203 465 1825 3809">
    <p class='ocr_par' dir='ltr' id='par_1_2' title="bbox 203 465 1825 3809">
     <span class='ocr_line' id='line_1_2' title="bbox 211 465 1822 545; baseline 0.002 -18"><span class='ocrx_word' id='word_1_3' title='bbox 211 469 473 544; x_wconf 79' lang='lat' dir='ltr'>nuncchglrded</span> <span class='ocrx_word' id='word_1_4' title='bbox 486 467 522 525; x_wconf 90' lang='lat' dir='ltr'>ad</span> <span class='ocrx_word' id='word_1_5' title='bbox 538 470 692 528; x_wconf 78' lang='grc' dir='ltr'>Ηαννναιίαα</span> <span class='ocrx_word' id='word_1_6' title='bbox 709 465 885 542; x_wconf 72' lang='lat' dir='ltr'>(Ecbatana)</span> <span class='ocrx_word' id='word_1_7' title='bbox 902 465 991 545; x_wconf 83' lang='lat' dir='ltr'>proii-</span> <span class='ocrx_word' id='word_1_8' title='bbox 1036 471 1224 536; x_wconf 77' lang='lat' dir='ltr'>Bostari-Tel,</span> <span class='ocrx_word' id='word_1_9' title='bbox 1256 481 1382 528; x_wconf 85' lang='lat' dir='ltr'>montem</span> <span class='ocrx_word' id='word_1_10' title='bbox 1406 471 1500 529; x_wconf 89' lang='lat' dir='ltr'>ruinis</span> <span class='ocrx_word' id='word_1_11' title='bbox 1530 469 1769 542; x_wconf 86' lang='lat' dir='ltr'>celeberrimum,</span> <span class='ocrx_word' id='word_1_12' title='bbox 1793 487 1822 531; x_wconf 95' lang='lat' dir='ltr'>et</span> 
     </span>
     <span class='ocr_line' id='line_1_3' title="bbox 211 558 1822 643; baseline 0.002 -21"><span class='ocrx_word' id='word_1_13' title='bbox 211 565 371 634; x_wconf 88' lang='lat' dir='ltr'>ciscuntur,</span> <span class='ocrx_word' id='word_1_14' title='bbox 386 562 455 620; x_wconf 87' lang='lat' dir='ltr'>dum</span> <span class='ocrx_word' id='word_1_15' title='bbox 469 562 588 636; x_wconf 87' lang='lat' dir='ltr'>vulgata</span> <span class='ocrx_word' id='word_1_16' title='bbox 600 559 687 618; x_wconf 90' lang='lat' dir='ltr'>lectio</span> <span class='ocrx_word' id='word_1_17' title='bbox 697 559 733 618; x_wconf 90' lang='lat' dir='ltr'>ad</span> <span class='ocrx_word' id='word_1_18' title='bbox 742 558 878 636; x_wconf 75' lang='lat' dir='ltr'>ambages</span> <span class='ocrx_word' id='word_1_19' title='bbox 891 561 994 620; x_wconf 84' lang='lat' dir='ltr'>contu·</span> <span class='ocrx_word' id='word_1_20' title='bbox 1036 561 1163 640; x_wconf 88' lang='lat' dir='ltr'>Baptana</span> <span class='ocrx_word' id='word_1_21' title='bbox 1169 563 1233 621; x_wconf 86' lang='lat' dir='ltr'>sive</span> <span class='ocrx_word' id='word_1_22' title='bbox 1241 563 1411 643; x_wconf 75' lang='lat' dir='ltr'>Bagistana(</span> <span class='ocrx_word' id='word_1_23' title='bbox 1422 567 1583 642; x_wconf 81' lang='lat' dir='ltr'>Biseutcun)</span> <span class='ocrx_word' id='word_1_24' title='bbox 1597 565 1737 638; x_wconf 89' lang='lat' dir='ltr'>urbem,a</span> <span class='ocrx_word' id='word_1_25' title='bbox 1750 569 1822 626; x_wconf 85' lang='lat' dir='ltr'>dex·</span> 
     </span>
     <span class='ocr_line' id='line_1_4' title="bbox 210 653 1821 739; baseline 0.003 -23"><span class='ocrx_word' id='word_1_26' title='bbox 210 678 280 735; x_wconf 88' lang='lat' dir='ltr'>gere</span> <span class='ocrx_word' id='word_1_27' title='bbox 306 677 361 716; x_wconf 88' lang='lat' dir='ltr'>nos</span> <span class='ocrx_word' id='word_1_28' title='bbox 386 668 511 731; x_wconf 88' lang='lat' dir='ltr'>cogeret.</span> <span class='ocrx_word' id='word_1_29' title='bbox 539 655 682 713; x_wconf 88' lang='lat' dir='ltr'>llelecerit</span> <span class='ocrx_word' id='word_1_30' title='bbox 695 653 834 714; x_wconf 75' lang='lat' dir='ltr'><strong>Chalasar</strong></span> <span class='ocrx_word' id='word_1_31' title='bbox 852 675 911 732; x_wconf 88' lang='lat' dir='ltr'>qno</span> <span class='ocrx_word' id='word_1_32' title='bbox 924 667 994 712; x_wconf 90' lang='lat' dir='ltr'>tem·</span> <span class='ocrx_word' id='word_1_33' title='bbox 1036 669 1079 714; x_wconf 91' lang='lat' dir='ltr'>tra</span> <span class='ocrx_word' id='word_1_34' title='bbox 1093 670 1188 716; x_wconf 90' lang='lat' dir='ltr'>autem</span> <span class='ocrx_word' id='word_1_35' title='bbox 1205 662 1389 716; x_wconf 76' lang='lat' dir='ltr'>Canibus-Ab</span> <span class='ocrx_word' id='word_1_36' title='bbox 1404 659 1414 738; x_wconf 75' lang='grc' dir='ltr'>ζ</span> <span class='ocrx_word' id='word_1_37' title='bbox 1426 662 1608 716; x_wconf 78' lang='lat' dir='ltr'>Gambasdalr</span> <span class='ocrx_word' id='word_1_38' title='bbox 1623 661 1703 736; x_wconf 83' lang='lat' dir='ltr'>aliis,</span> <span class='ocrx_word' id='word_1_39' title='bbox 1715 682 1821 739; x_wconf 91' lang='lat' dir='ltr'>parum</span> 
     </span>
     <span class='ocr_line' id='line_1_5' title="bbox 210 750 1822 836; baseline -0.001 -21"><span class='ocrx_word' id='word_1_40' title='bbox 210 776 282 834; x_wconf 90' lang='lat' dir='ltr'>pore</span> <span class='ocrx_word' id='word_1_41' title='bbox 296 774 416 829; x_wconf 84' lang='lat' dir='ltr'>surgere</span> <span class='ocrx_word' id='word_1_42' title='bbox 433 753 523 830; x_wconf 88' lang='lat' dir='ltr'>coepit</span> <span class='ocrx_word' id='word_1_43' title='bbox 543 750 763 810; x_wconf 87' lang='lat' dir='ltr'>Sassanidarum</span> <span class='ocrx_word' id='word_1_44' title='bbox 788 753 868 826; x_wconf 87' lang='lat' dir='ltr'>regia</span> <span class='ocrx_word' id='word_1_45' title='bbox 892 755 994 810; x_wconf 77' lang='lat' dir='ltr'>Dorta·</span> <span class='ocrx_word' id='word_1_46' title='bbox 1035 767 1168 812; x_wconf 90' lang='lat' dir='ltr'>accurato</span> <span class='ocrx_word' id='word_1_47' title='bbox 1182 757 1190 828; x_wconf 72' lang='lat' dir='ltr'>i</span> <span class='ocrx_word' id='word_1_48' title='bbox 1205 754 1345 830; x_wconf 85' lang='lat' dir='ltr'>lluvium,</span> <span class='ocrx_word' id='word_1_49' title='bbox 1358 756 1410 832; x_wconf 90' lang='lat' dir='ltr'>qui</span> <span class='ocrx_word' id='word_1_50' title='bbox 1435 755 1613 814; x_wconf 72' lang='lat' dir='ltr'>Cursorne</span> <span class='ocrx_word' id='word_1_51' title='bbox 1633 757 1822 836; x_wconf 74' lang='lat' dir='ltr'>[Charaeta-</span> 
     </span>
     <span class='ocr_line' id='line_1_6' title="bbox 209 845 1821 931; baseline 0.002 -22"><span class='ocrx_word' id='word_1_52' title='bbox 209 854 283 925; x_wconf 86' lang='lat' dir='ltr'>gerd</span> <span class='ocrx_word' id='word_1_53' title='bbox 302 851 348 907; x_wconf 90' lang='lat' dir='ltr'>vel</span> <span class='ocrx_word' id='word_1_54' title='bbox 373 849 541 925; x_wconf 72' lang='lat' dir='ltr'>Dyrragerd,</span> <span class='ocrx_word' id='word_1_55' title='bbox 564 845 601 904; x_wconf 90' lang='lat' dir='ltr'>ad</span> <span class='ocrx_word' id='word_1_56' title='bbox 627 865 715 923; x_wconf 87' lang='lat' dir='ltr'>quam</span> <span class='ocrx_word' id='word_1_57' title='bbox 740 845 899 904; x_wconf 82' lang='lat' dir='ltr'>referendae</span> <span class='ocrx_word' id='word_1_58' title='bbox 925 861 994 910; x_wconf 85' lang='lat' dir='ltr'>sunt</span> <span class='ocrx_word' id='word_1_59' title='bbox 1035 851 1238 926; x_wconf 85' lang='lat' dir='ltr'>dan)regi0ni</span> <span class='ocrx_word' id='word_1_60' title='bbox 1253 871 1359 908; x_wconf 90' lang='lat' dir='ltr'>nomen</span> <span class='ocrx_word' id='word_1_61' title='bbox 1384 851 1499 910; x_wconf 89' lang='lat' dir='ltr'>dedisse</span> <span class='ocrx_word' id='word_1_62' title='bbox 1510 852 1635 910; x_wconf 90' lang='lat' dir='ltr'>videtur.</span> <span class='ocrx_word' id='word_1_63' title='bbox 1655 853 1727 912; x_wconf 90' lang='lat' dir='ltr'>Pars</span> <span class='ocrx_word' id='word_1_64' title='bbox 1741 853 1821 931; x_wconf 89' lang='lat' dir='ltr'>ejus,</span> 
     </span>
     <span class='ocr_line' id='line_1_7' title="bbox 210 939 1824 1024; baseline 0.002 -22"><span class='ocrx_word' id='word_1_65' title='bbox 210 958 298 1004; x_wconf 85' lang='lat' dir='ltr'>vastae</span> <span class='ocrx_word' id='word_1_66' title='bbox 321 944 429 1014; x_wconf 78' lang='lat' dir='ltr'>ruinae,</span> <span class='ocrx_word' id='word_1_67' title='bbox 442 963 506 1020; x_wconf 86' lang='lat' dir='ltr'>qure</span> <span class='ocrx_word' id='word_1_68' title='bbox 526 942 642 1000; x_wconf 91' lang='lat' dir='ltr'>nonita</span> <span class='ocrx_word' id='word_1_69' title='bbox 662 940 780 1016; x_wconf 88' lang='lat' dir='ltr'>longea</span> <span class='ocrx_word' id='word_1_70' title='bbox 804 939 877 1000; x_wconf 92' lang='lat' dir='ltr'>Silla</span> <span class='ocrx_word' id='word_1_71' title='bbox 899 941 992 1000; x_wconf 85' lang='lat' dir='ltr'>fluvio</span> <span class='ocrx_word' id='word_1_72' title='bbox 1037 965 1088 1024; x_wconf 91' lang='lat' dir='ltr'>per</span> <span class='ocrx_word' id='word_1_73' title='bbox 1112 965 1198 1022; x_wconf 87' lang='lat' dir='ltr'>quam</span> <span class='ocrx_word' id='word_1_74' title='bbox 1213 945 1401 1004; x_wconf 87' lang='lat' dir='ltr'>itinerarium</span> <span class='ocrx_word' id='word_1_75' title='bbox 1417 959 1547 1004; x_wconf 79' lang='lat' dir='ltr'>nostruin</span> <span class='ocrx_word' id='word_1_76' title='bbox 1569 945 1768 1024; x_wconf 83' lang='lat' dir='ltr'>ducit,quu1n</span> <span class='ocrx_word' id='word_1_77' title='bbox 1784 949 1824 1006; x_wconf 85' lang='lat' dir='ltr'>ad</span> 
     </span>
     <span class='ocr_line' id='line_1_8' title="bbox 208 1033 1824 1119; baseline 0.001 -19"><span class='ocrx_word' id='word_1_78' title='bbox 208 1041 317 1100; x_wconf 83' lang='lat' dir='ltr'>dissitae</span> <span class='ocrx_word' id='word_1_79' title='bbox 328 1039 562 1112; x_wconf 79' lang='lat' dir='ltr'>Eski-Beglrded</span> <span class='ocrx_word' id='word_1_80' title='bbox 571 1035 755 1094; x_wconf 82' lang='lat' dir='ltr'>nuncvocari</span> <span class='ocrx_word' id='word_1_81' title='bbox 764 1033 869 1093; x_wconf 87' lang='lat' dir='ltr'>solent.</span> <span class='ocrx_word' id='word_1_82' title='bbox 879 1035 991 1103; x_wconf 82' lang='lat' dir='ltr'><strong>Quodsi</strong></span> <span class='ocrx_word' id='word_1_83' title='bbox 1036 1040 1158 1098; x_wconf 91' lang='lat' dir='ltr'>limitem</span> <span class='ocrx_word' id='word_1_84' title='bbox 1174 1040 1357 1100; x_wconf 86' lang='lat' dir='ltr'>aConcobar</span> <span class='ocrx_word' id='word_1_85' title='bbox 1373 1043 1569 1119; x_wconf 76' lang='lat' dir='ltr'>(Kongawar)</span> <span class='ocrx_word' id='word_1_86' title='bbox 1587 1041 1681 1102; x_wconf 84' lang='lat' dir='ltr'>tribus</span> <span class='ocrx_word' id='word_1_87' title='bbox 1692 1043 1824 1102; x_wconf 87' lang='lat' dir='ltr'>schoenis</span> 
     </span>
     <span class='ocr_line' id='line_1_9' title="bbox 210 1133 1823 1214; baseline 0.001 -18"><span class='ocrx_word' id='word_1_88' title='bbox 210 1137 345 1196; x_wconf 81' lang='lat' dir='ltr'>nonnulli</span> <span class='ocrx_word' id='word_1_89' title='bbox 355 1155 404 1194; x_wconf 90' lang='lat' dir='ltr'>eas</span> <span class='ocrx_word' id='word_1_90' title='bbox 423 1134 459 1193; x_wconf 91' lang='lat' dir='ltr'>ad</span> <span class='ocrx_word' id='word_1_91' title='bbox 469 1135 608 1192; x_wconf 84' lang='lat' dir='ltr'><strong>Chalasar</strong></span> <span class='ocrx_word' id='word_1_92' title='bbox 622 1133 685 1190; x_wconf 84' lang='lat' dir='ltr'>sire</span> <span class='ocrx_word' id='word_1_93' title='bbox 697 1133 839 1191; x_wconf 72' lang='lat' dir='ltr'><strong>Artemita</strong></span> <span class='ocrx_word' id='word_1_94' title='bbox 848 1133 994 1209; x_wconf 88' lang='lat' dir='ltr'>pertinere</span> <span class='ocrx_word' id='word_1_95' title='bbox 1036 1155 1170 1194; x_wconf 89' lang='lat' dir='ltr'>occasum</span> <span class='ocrx_word' id='word_1_96' title='bbox 1185 1155 1289 1194; x_wconf 80' lang='lat' dir='ltr'>versus</span> <span class='ocrx_word' id='word_1_97' title='bbox 1303 1135 1437 1194; x_wconf 89' lang='lat' dir='ltr'>dissitum</span> <span class='ocrx_word' id='word_1_98' title='bbox 1453 1137 1606 1214; x_wconf 74' lang='lat' dir='ltr'>pertineat,</span> <span class='ocrx_word' id='word_1_99' title='bbox 1619 1139 1676 1198; x_wconf 83' lang='lat' dir='ltr'>vire</span> <span class='ocrx_word' id='word_1_100' title='bbox 1690 1140 1823 1214; x_wconf 88' lang='lat' dir='ltr'>longitu-</span> 
     </span>
     <span class='ocr_line' id='line_1_10' title="bbox 209 1224 1825 1312; baseline 0.003 -22"><span class='ocrx_word' id='word_1_101' title='bbox 209 1245 362 1310; x_wconf 86' lang='lat' dir='ltr'>putarunt,</span> <span class='ocrx_word' id='word_1_102' title='bbox 387 1242 436 1291; x_wconf 91' lang='lat' dir='ltr'>aut</span> <span class='ocrx_word' id='word_1_103' title='bbox 466 1229 657 1304; x_wconf 81' lang='lat' dir='ltr'>neglexerunt</span> <span class='ocrx_word' id='word_1_104' title='bbox 678 1224 770 1286; x_wconf 87' lang='lat' dir='ltr'>verba</span> <span class='ocrx_word' id='word_1_105' title='bbox 795 1224 920 1296; x_wconf 81' lang='lat' dir='ltr'>Isidori,</span> <span class='ocrx_word' id='word_1_106' title='bbox 944 1239 994 1285; x_wconf 90' lang='lat' dir='ltr'>aut</span> <span class='ocrx_word' id='word_1_107' title='bbox 1036 1230 1075 1290; x_wconf 90' lang='lat' dir='ltr'>do</span> <span class='ocrx_word' id='word_1_108' title='bbox 1086 1231 1224 1292; x_wconf 83' lang='lat' dir='ltr'>tredecim</span> <span class='ocrx_word' id='word_1_109' title='bbox 1239 1232 1374 1292; x_wconf 86' lang='lat' dir='ltr'>schoenos</span> <span class='ocrx_word' id='word_1_110' title='bbox 1385 1231 1525 1291; x_wconf 77' lang='lat' dir='ltr'>excedere</span> <span class='ocrx_word' id='word_1_111' title='bbox 1538 1253 1595 1292; x_wconf 92' lang='lat' dir='ltr'>non</span> <span class='ocrx_word' id='word_1_112' title='bbox 1606 1237 1710 1312; x_wconf 90' lang='lat' dir='ltr'>potuit.</span> <span class='ocrx_word' id='word_1_113' title='bbox 1724 1236 1825 1304; x_wconf 87' lang='lat' dir='ltr'>Quare</span> 
     </span>
     <span class='ocr_line' id='line_1_11' title="bbox 208 1321 1825 1407; baseline -0.002 -23"><span class='ocrx_word' id='word_1_114' title='bbox 208 1331 308 1400; x_wconf 79' lang='lat' dir='ltr'>DJiala</span> <span class='ocrx_word' id='word_1_115' title='bbox 322 1326 443 1384; x_wconf 83' lang='lat' dir='ltr'>flurium</span> <span class='ocrx_word' id='word_1_116' title='bbox 456 1337 584 1382; x_wconf 84' lang='lat' dir='ltr'>mutasse</span> <span class='ocrx_word' id='word_1_117' title='bbox 595 1341 713 1380; x_wconf 87' lang='lat' dir='ltr'>cursum</span> <span class='ocrx_word' id='word_1_118' title='bbox 727 1321 885 1384; x_wconf 79' lang='lat' dir='ltr'>linxerunt.</span> <span class='ocrx_word' id='word_1_119' title='bbox 899 1323 992 1400; x_wconf 86' lang='lat' dir='ltr'>Caput</span> <span class='ocrx_word' id='word_1_120' title='bbox 1035 1327 1068 1386; x_wconf 86' lang='lat' dir='ltr'>in</span> <span class='ocrx_word' id='word_1_121' title='bbox 1082 1327 1246 1407; x_wconf 67' lang='grc' dir='ltr'>Εχεαπρῑία,</span> <span class='ocrx_word' id='word_1_122' title='bbox 1268 1349 1332 1406; x_wconf 79' lang='lat' dir='ltr'>quae</span> <span class='ocrx_word' id='word_1_123' title='bbox 1346 1333 1379 1388; x_wconf 81' lang='lat'>31</span> <span class='ocrx_word' id='word_1_124' title='bbox 1396 1331 1531 1390; x_wconf 69' lang='lat' dir='ltr'>schoenos</span> <span class='ocrx_word' id='word_1_125' title='bbox 1551 1331 1744 1390; x_wconf 66' lang='lat' dir='ltr'>Cambadenae</span> <span class='ocrx_word' id='word_1_126' title='bbox 1768 1337 1825 1394; x_wconf 69' lang='grc' dir='ltr'>ῃ-ῑ.</span> 
     </span>
     <span class='ocr_line' id='line_1_12' title="bbox 207 1418 1823 1504; baseline 0.002 -23"><span class='ocrx_word' id='word_1_127' title='bbox 207 1423 384 1502; x_wconf 81' lang='lat' dir='ltr'>prorinciae,</span> <span class='ocrx_word' id='word_1_128' title='bbox 409 1419 614 1498; x_wconf 73' lang='lat' dir='ltr'><strong>Apolloniam,</strong></span> <span class='ocrx_word' id='word_1_129' title='bbox 637 1438 697 1482; x_wconf 89' lang='lat' dir='ltr'>non</span> <span class='ocrx_word' id='word_1_130' title='bbox 715 1431 857 1485; x_wconf 81' lang='lat' dir='ltr'>memorat</span> <span class='ocrx_word' id='word_1_131' title='bbox 877 1418 991 1491; x_wconf 82' lang='lat' dir='ltr'>Noster,</span> <span class='ocrx_word' id='word_1_132' title='bbox 1036 1421 1145 1500; x_wconf 87' lang='lat' dir='ltr'>buunt,</span> <span class='ocrx_word' id='word_1_133' title='bbox 1170 1437 1298 1482; x_wconf 87' lang='lat' dir='ltr'>erratum</span> <span class='ocrx_word' id='word_1_134' title='bbox 1322 1425 1435 1502; x_wconf 91' lang='lat' dir='ltr'>aliquid</span> <span class='ocrx_word' id='word_1_135' title='bbox 1456 1443 1519 1484; x_wconf 88' lang='lat' dir='ltr'>esse</span> <span class='ocrx_word' id='word_1_136' title='bbox 1539 1425 1636 1498; x_wconf 90' lang='lat' dir='ltr'>debet,</span> <span class='ocrx_word' id='word_1_137' title='bbox 1655 1427 1719 1484; x_wconf 86' lang='lat' dir='ltr'>sire</span> <span class='ocrx_word' id='word_1_138' title='bbox 1740 1429 1823 1504; x_wconf 87' lang='lat' dir='ltr'>quod</span> 
     </span>
     <span class='ocr_line' id='line_1_13' title="bbox 206 1515 1823 1598; baseline 0.001 -19"><span class='ocrx_word' id='word_1_139' title='bbox 206 1520 287 1598; x_wconf 90' lang='lat' dir='ltr'>quod</span> <span class='ocrx_word' id='word_1_140' title='bbox 296 1518 468 1594; x_wconf 56' lang='lat' dir='ltr'>extrariam</span> <span class='ocrx_word' id='word_1_141' title='bbox 477 1515 551 1576; x_wconf 91' lang='lat' dir='ltr'>urbs</span> <span class='ocrx_word' id='word_1_142' title='bbox 564 1515 670 1593; x_wconf 89' lang='lat' dir='ltr'>posita,</span> <span class='ocrx_word' id='word_1_143' title='bbox 687 1535 746 1574; x_wconf 88' lang='lat' dir='ltr'>non</span> <span class='ocrx_word' id='word_1_144' title='bbox 760 1534 842 1590; x_wconf 82' lang='lat' dir='ltr'>vero,</span> <span class='ocrx_word' id='word_1_145' title='bbox 854 1528 887 1576; x_wconf 91' lang='lat' dir='ltr'>ut</span> <span class='ocrx_word' id='word_1_146' title='bbox 903 1515 993 1574; x_wconf 85' lang='lat' dir='ltr'>llitte·</span> <span class='ocrx_word' id='word_1_147' title='bbox 1035 1537 1121 1578; x_wconf 87' lang='lat' dir='ltr'>roces</span> <span class='ocrx_word' id='word_1_148' title='bbox 1135 1518 1304 1598; x_wconf 78' lang='grc' dir='ltr'>τριακαίδικα</span> <span class='ocrx_word' id='word_1_149' title='bbox 1318 1533 1345 1577; x_wconf 92' lang='lat' dir='ltr'>et</span> <span class='ocrx_word' id='word_1_150' title='bbox 1360 1519 1497 1597; x_wconf 76' lang='grc' dir='ltr'>τριάκοντα</span> <span class='ocrx_word' id='word_1_151' title='bbox 1510 1519 1555 1578; x_wconf 76' lang='grc' dir='ltr'>ἕνα</span> <span class='ocrx_word' id='word_1_152' title='bbox 1565 1521 1663 1580; x_wconf 88' lang='lat' dir='ltr'>scriba</span> <span class='ocrx_word' id='word_1_153' title='bbox 1674 1523 1823 1598; x_wconf 79' lang='lat' dir='ltr'>confudit,</span> 
     </span>
     <span class='ocr_line' id='line_1_14' title="bbox 206 1605 1823 1694; baseline 0.002 -21"><span class='ocrx_word' id='word_1_154' title='bbox 206 1635 259 1674; x_wconf 91' lang='lat' dir='ltr'>rus</span> <span class='ocrx_word' id='word_1_155' title='bbox 272 1614 343 1694; x_wconf 68' lang='lat' dir='ltr'>llll,</span> <span class='ocrx_word' id='word_1_156' title='bbox 360 1635 392 1692; x_wconf 88' lang='lat' dir='ltr'>p.</span> <span class='ocrx_word' id='word_1_157' title='bbox 409 1614 483 1690; x_wconf 74' lang='lat'><strong>508)</strong></span> <span class='ocrx_word' id='word_1_158' title='bbox 499 1611 676 1689; x_wconf 87' lang='lat' dir='ltr'>suspicatur,</span> <span class='ocrx_word' id='word_1_159' title='bbox 693 1609 771 1688; x_wconf 91' lang='lat' dir='ltr'>quod</span> <span class='ocrx_word' id='word_1_160' title='bbox 786 1607 902 1670; x_wconf 85' lang='lat' dir='ltr'>viribus</span> <span class='ocrx_word' id='word_1_161' title='bbox 923 1622 992 1670; x_wconf 88' lang='lat' dir='ltr'>tuuc</span> <span class='ocrx_word' id='word_1_162' title='bbox 1036 1614 1099 1674; x_wconf 85' lang='lat' dir='ltr'>sive</span> <span class='ocrx_word' id='word_1_163' title='bbox 1116 1613 1195 1692; x_wconf 91' lang='lat' dir='ltr'>quod</span> <span class='ocrx_word' id='word_1_164' title='bbox 1213 1612 1249 1672; x_wconf 91' lang='lat' dir='ltr'>ad</span> <span class='ocrx_word' id='word_1_165' title='bbox 1261 1605 1389 1674; x_wconf 78' lang='lat' dir='ltr'>nestram</span> <span class='ocrx_word' id='word_1_166' title='bbox 1408 1617 1486 1673; x_wconf 90' lang='lat' dir='ltr'>viam</span> <span class='ocrx_word' id='word_1_167' title='bbox 1503 1629 1656 1694; x_wconf 82' lang='lat' dir='ltr'>excerptor</span> <span class='ocrx_word' id='word_1_168' title='bbox 1669 1620 1823 1677; x_wconf 86' lang='lat' dir='ltr'>transtulit</span> 
     </span>
     <span class='ocr_line' id='line_1_15' title="bbox 208 1706 1822 1791; baseline 0.001 -21"><span class='ocrx_word' id='word_1_169' title='bbox 208 1710 297 1770; x_wconf 75' lang='lat' dir='ltr'>fracta</span> <span class='ocrx_word' id='word_1_170' title='bbox 308 1721 384 1768; x_wconf 87' lang='lat' dir='ltr'>esset</span> <span class='ocrx_word' id='word_1_171' title='bbox 398 1706 1100 1790; x_wconf 74' lang='lat' dir='ltr'>i&#39;l·t1ttae</span> <span class='ocrx_word' id='word_1_172' title='bbox 1113 1713 1139 1770; x_wconf 83' lang='grc' dir='ltr'>ίν</span> <span class='ocrx_word' id='word_1_173' title='bbox 1151 1710 1259 1791; x_wconf 79' lang='grc' dir='ltr'>παρόδῳ</span> <span class='ocrx_word' id='word_1_174' title='bbox 1273 1710 1405 1770; x_wconf 87' lang='lat' dir='ltr'>isidorus</span> <span class='ocrx_word' id='word_1_175' title='bbox 1417 1712 1540 1772; x_wconf 84' lang='lat' dir='ltr'>tortasse</span> <span class='ocrx_word' id='word_1_176' title='bbox 1552 1726 1719 1784; x_wconf 84' lang='lat' dir='ltr'>monuerat,</span> <span class='ocrx_word' id='word_1_177' title='bbox 1737 1716 1822 1774; x_wconf 82' lang='lat' dir='ltr'>ride·</span> 
     </span>
     <span class='ocr_line' id='line_1_16' title="bbox 250 1802 1824 1885; baseline 0.002 -21"><span class='ocrx_word' id='word_1_178' title='bbox 250 1802 991 1880; x_wconf 75' lang='lat' dir='ltr'>1ta.Caanonmrsregio,quaedeincepssequiturab</span> <span class='ocrx_word' id='word_1_179' title='bbox 1035 1808 1103 1867; x_wconf 87' lang='lat' dir='ltr'>licet</span> <span class='ocrx_word' id='word_1_180' title='bbox 1122 1805 1341 1877; x_wconf 82' lang='lat' dir='ltr'>Cambadenen,</span> <span class='ocrx_word' id='word_1_181' title='bbox 1357 1807 1382 1865; x_wconf 88' lang='lat' dir='ltr'>si</span> <span class='ocrx_word' id='word_1_182' title='bbox 1406 1808 1473 1884; x_wconf 85' lang='lat' dir='ltr'>quis</span> <span class='ocrx_word' id='word_1_183' title='bbox 1491 1809 1646 1867; x_wconf 83' lang='lat' dir='ltr'>maximam</span> <span class='ocrx_word' id='word_1_184' title='bbox 1666 1809 1732 1885; x_wconf 89' lang='lat' dir='ltr'>ejus</span> <span class='ocrx_word' id='word_1_185' title='bbox 1755 1811 1824 1867; x_wconf 90' lang='lat' dir='ltr'>lon·</span> 
     </span>
     <span class='ocr_line' id='line_1_17' title="bbox 207 1898 1824 1982; baseline 0 -20"><span class='ocrx_word' id='word_1_186' title='bbox 207 1902 426 1982; x_wconf 81' lang='lat' dir='ltr'>Apolloniatide</span> <span class='ocrx_word' id='word_1_187' title='bbox 439 1913 591 1981; x_wconf 86' lang='lat' dir='ltr'>separatur</span> <span class='ocrx_word' id='word_1_188' title='bbox 595 1898 671 1978; x_wconf 85' lang='lat' dir='ltr'>jugo</span> <span class='ocrx_word' id='word_1_189' title='bbox 682 1913 832 1974; x_wconf 76' lang='lat' dir='ltr'>moutam,</span> <span class='ocrx_word' id='word_1_190' title='bbox 852 1910 886 1969; x_wconf 79' lang='lat' dir='ltr'>rt,</span> <span class='ocrx_word' id='word_1_191' title='bbox 900 1899 992 1958; x_wconf 88' lang='lat' dir='ltr'>schoe-</span> <span class='ocrx_word' id='word_1_192' title='bbox 1035 1902 1195 1979; x_wconf 89' lang='lat' dir='ltr'>gitudinem</span> <span class='ocrx_word' id='word_1_193' title='bbox 1213 1903 1427 1982; x_wconf 82' lang='lat' dir='ltr'>peragraverit,</span> <span class='ocrx_word' id='word_1_194' title='bbox 1440 1921 1503 1962; x_wconf 90' lang='lat' dir='ltr'>esse</span> <span class='ocrx_word' id='word_1_195' title='bbox 1513 1903 1696 1962; x_wconf 87' lang='lat' dir='ltr'>schoenorum</span> <span class='ocrx_word' id='word_1_196' title='bbox 1709 1905 1824 1980; x_wconf 89' lang='lat' dir='ltr'>trigin-</span> 
     </span>
     <span class='ocr_line' id='line_1_18' title="bbox 206 1996 1217 2078; baseline -0.004 -20"><span class='ocrx_word' id='word_1_197' title='bbox 206 1999 253 2059; x_wconf 87' lang='lat' dir='ltr'>nis</span> <span class='ocrx_word' id='word_1_198' title='bbox 267 1999 304 2058; x_wconf 90' lang='lat' dir='ltr'>ab</span> <span class='ocrx_word' id='word_1_199' title='bbox 315 1999 465 2058; x_wconf 77' lang='lat' dir='ltr'>Artemitis</span> <span class='ocrx_word' id='word_1_200' title='bbox 478 1997 621 2075; x_wconf 79' lang='lat' dir='ltr'>sejuncto.</span> <span class='ocrx_word' id='word_1_201' title='bbox 632 1996 727 2078; x_wconf 83' lang='lat' dir='ltr'>Caput</span> <span class='ocrx_word' id='word_1_202' title='bbox 742 1997 905 2075; x_wconf 79' lang='lat' dir='ltr'>provinciae</span> <span class='ocrx_word' id='word_1_203' title='bbox 917 1996 992 2054; x_wconf 83' lang='lat' dir='ltr'>Cha·</span> <span class='ocrx_word' id='word_1_204' title='bbox 1036 2013 1064 2060; x_wconf 84' lang='lat' dir='ltr'>ta</span> <span class='ocrx_word' id='word_1_205' title='bbox 1075 2013 1103 2058; x_wconf 83' lang='lat' dir='ltr'>et</span> <span class='ocrx_word' id='word_1_206' title='bbox 1119 2000 1217 2060; x_wconf 87' lang='lat' dir='ltr'>unius.</span> 
     </span>
     <span class='ocr_line' id='line_1_19' title="bbox 205 2095 1825 2178; baseline 0.002 -25"><span class='ocrx_word' id='word_1_207' title='bbox 205 2104 235 2161; x_wconf 77' lang='lat' dir='ltr'>la</span> <span class='ocrx_word' id='word_1_208' title='bbox 252 2103 323 2162; x_wconf 69' lang='lat' dir='ltr'>urhe</span> <span class='ocrx_word' id='word_1_209' title='bbox 344 2103 475 2176; x_wconf 73' lang='lat' dir='ltr'>(Heleon</span> <span class='ocrx_word' id='word_1_210' title='bbox 498 2102 613 2178; x_wconf 74' lang='lat' dir='ltr'>ruinae)</span> <span class='ocrx_word' id='word_1_211' title='bbox 638 2099 784 2158; x_wconf 87' lang='lat' dir='ltr'>afinibus</span> <span class='ocrx_word' id='word_1_212' title='bbox 804 2099 937 2158; x_wconf 74' lang='lat' dir='ltr'>occiduis</span> <span class='ocrx_word' id='word_1_213' title='bbox 961 2100 991 2158; x_wconf 91' lang='lat' dir='ltr'>in</span> <span class='ocrx_word' id='word_1_214' title='bbox 1079 2096 1141 2166; x_wconf 70' lang='lat'>145.</span> <span class='ocrx_word' id='word_1_215' title='bbox 1156 2095 1220 2154; x_wconf 79' lang='lat' dir='ltr'>lam</span> <span class='ocrx_word' id='word_1_216' title='bbox 1232 2095 1825 2174; x_wconf 78' lang='lat' dir='ltr'>sequiturlllcnmsurearon,acujusini·</span> 
     </span>
     <span class='ocr_line' id='line_1_20' title="bbox 205 2193 1824 2271; baseline -0.003 -13"><span class='ocrx_word' id='word_1_217' title='bbox 205 2213 307 2258; x_wconf 88' lang='lat' dir='ltr'>nostra</span> <span class='ocrx_word' id='word_1_218' title='bbox 319 2198 371 2256; x_wconf 82' lang='lat' dir='ltr'>ria</span> <span class='ocrx_word' id='word_1_219' title='bbox 378 2197 467 2258; x_wconf 81' lang='lat' dir='ltr'>distat</span> <span class='ocrx_word' id='word_1_220' title='bbox 480 2197 617 2255; x_wconf 79' lang='lat' dir='ltr'>schoenos</span> <span class='ocrx_word' id='word_1_221' title='bbox 633 2195 686 2265; x_wconf 83' lang='lat'>15,</span> <span class='ocrx_word' id='word_1_222' title='bbox 703 2193 819 2270; x_wconf 76' lang='lat' dir='ltr'>atagd</span> <span class='ocrx_word' id='word_1_223' title='bbox 839 2193 990 2271; x_wconf 84' lang='lat' dir='ltr'>saucibus,</span> <span class='ocrx_word' id='word_1_224' title='bbox 1035 2195 1077 2254; x_wconf 91' lang='lat' dir='ltr'>tio</span> <span class='ocrx_word' id='word_1_225' title='bbox 1091 2194 1127 2252; x_wconf 90' lang='lat' dir='ltr'>ad</span> <span class='ocrx_word' id='word_1_226' title='bbox 1141 2193 1293 2252; x_wconf 87' lang='lat' dir='ltr'>Concobar</span> <span class='ocrx_word' id='word_1_227' title='bbox 1313 2207 1380 2252; x_wconf 90' lang='lat' dir='ltr'>sunt</span> <span class='ocrx_word' id='word_1_228' title='bbox 1395 2195 1506 2252; x_wconf 83' lang='lat' dir='ltr'>schoeni</span> <span class='ocrx_word' id='word_1_229' title='bbox 1519 2207 1588 2268; x_wconf 89' lang='lat' dir='ltr'>tres,</span> <span class='ocrx_word' id='word_1_230' title='bbox 1603 2194 1670 2252; x_wconf 93' lang='lat' dir='ltr'>hinc</span> <span class='ocrx_word' id='word_1_231' title='bbox 1680 2195 1716 2252; x_wconf 88' lang='lat' dir='ltr'>ad</span> <span class='ocrx_word' id='word_1_232' title='bbox 1731 2196 1824 2254; x_wconf 83' lang='lat' dir='ltr'>Bazi-</span> 
     </span>
     <span class='ocr_line' id='line_1_21' title="bbox 206 2288 1821 2372; baseline -0.002 -20"><span class='ocrx_word' id='word_1_233' title='bbox 206 2313 260 2372; x_wconf 84' lang='lat' dir='ltr'>per</span> <span class='ocrx_word' id='word_1_234' title='bbox 281 2311 354 2370; x_wconf 87' lang='lat' dir='ltr'>quas</span> <span class='ocrx_word' id='word_1_235' title='bbox 378 2293 410 2350; x_wconf 90' lang='lat' dir='ltr'>in</span> <span class='ocrx_word' id='word_1_236' title='bbox 431 2291 557 2354; x_wconf 82' lang='lat' dir='ltr'>Mediam</span> <span class='ocrx_word' id='word_1_237' title='bbox 577 2290 749 2350; x_wconf 78' lang='lat' dir='ltr'>inferiorem</span> <span class='ocrx_word' id='word_1_238' title='bbox 768 2288 988 2366; x_wconf 86' lang='lat' dir='ltr'>descendimus,</span> <span class='ocrx_word' id='word_1_239' title='bbox 1035 2289 1147 2366; x_wconf 79' lang='lat' dir='ltr'>graban</span> <span class='ocrx_word' id='word_1_240' title='bbox 1171 2290 1222 2347; x_wconf 92' lang='lat' dir='ltr'>alii</span> <span class='ocrx_word' id='word_1_241' title='bbox 1240 2304 1309 2364; x_wconf 88' lang='lat' dir='ltr'>tres,</span> <span class='ocrx_word' id='word_1_242' title='bbox 1334 2303 1394 2347; x_wconf 92' lang='lat' dir='ltr'>tum</span> <span class='ocrx_word' id='word_1_243' title='bbox 1417 2289 1453 2346; x_wconf 87' lang='lat' dir='ltr'>ad</span> <span class='ocrx_word' id='word_1_244' title='bbox 1473 2289 1646 2367; x_wconf 76' lang='lat' dir='ltr'>Adrapanan</span> <span class='ocrx_word' id='word_1_245' title='bbox 1664 2303 1821 2366; x_wconf 86' lang='lat' dir='ltr'>quattuor;</span> 
     </span>
     <span class='ocr_line' id='line_1_22' title="bbox 205 2383 1823 2463; baseline -0.003 -15"><span class='ocrx_word' id='word_1_246' title='bbox 205 2389 342 2448; x_wconf 87' lang='lat' dir='ltr'>schoenos</span> <span class='ocrx_word' id='word_1_247' title='bbox 352 2388 386 2445; x_wconf 82' lang='lat'>5:</span> <span class='ocrx_word' id='word_1_248' title='bbox 400 2386 472 2445; x_wconf 86' lang='lat' dir='ltr'>adeo</span> <span class='ocrx_word' id='word_1_249' title='bbox 486 2399 519 2444; x_wconf 92' lang='lat' dir='ltr'>ut</span> <span class='ocrx_word' id='word_1_250' title='bbox 528 2384 745 2461; x_wconf 81' lang='lat' dir='ltr'>riaelongitudo</span> <span class='ocrx_word' id='word_1_251' title='bbox 754 2385 794 2443; x_wconf 89' lang='lat' dir='ltr'>sit</span> <span class='ocrx_word' id='word_1_252' title='bbox 803 2384 990 2442; x_wconf 77' lang='lat' dir='ltr'>sclioenorurn</span> <span class='ocrx_word' id='word_1_253' title='bbox 1032 2383 1148 2442; x_wconf 83' lang='lat' dir='ltr'>indeed</span> <span class='ocrx_word' id='word_1_254' title='bbox 1159 2384 1266 2442; x_wconf 85' lang='lat' dir='ltr'>Bataua</span> <span class='ocrx_word' id='word_1_255' title='bbox 1277 2385 1340 2444; x_wconf 84' lang='lat' dir='ltr'>sive</span> <span class='ocrx_word' id='word_1_256' title='bbox 1354 2383 1503 2459; x_wconf 79' lang='lat' dir='ltr'>hgbutana</span> <span class='ocrx_word' id='word_1_257' title='bbox 1513 2385 1823 2463; x_wconf 69' lang='lat' dir='ltr'>(Hemadenlinaltero</span> 
     </span>
     <span class='ocr_line' id='line_1_23' title="bbox 205 2480 1822 2564; baseline -0.001 -22"><span class='ocrx_word' id='word_1_258' title='bbox 205 2506 260 2558; x_wconf 83' lang='lat' dir='ltr'>ao,</span> <span class='ocrx_word' id='word_1_259' title='bbox 274 2505 329 2564; x_wconf 89' lang='lat' dir='ltr'>pro</span> <span class='ocrx_word' id='word_1_260' title='bbox 341 2485 450 2561; x_wconf 86' lang='lat' dir='ltr'>quibus</span> <span class='ocrx_word' id='word_1_261' title='bbox 461 2485 492 2542; x_wconf 94' lang='lat' dir='ltr'>in</span> <span class='ocrx_word' id='word_1_262' title='bbox 506 2483 608 2543; x_wconf 84' lang='lat' dir='ltr'>codice</span> <span class='ocrx_word' id='word_1_263' title='bbox 620 2502 655 2540; x_wconf 82' lang='lat' dir='ltr'>ar</span> <span class='ocrx_word' id='word_1_264' title='bbox 672 2481 784 2542; x_wconf 86' lang='lat' dir='ltr'>schoeui</span> <span class='ocrx_word' id='word_1_265' title='bbox 799 2481 989 2556; x_wconf 85' lang='lat' dir='ltr'>colliguntur,</span> <span class='ocrx_word' id='word_1_266' title='bbox 1034 2480 1137 2539; x_wconf 87' lang='lat' dir='ltr'>codiee</span> <span class='ocrx_word' id='word_1_267' title='bbox 1151 2494 1355 2558; x_wconf 87' lang='lat' dir='ltr'>computantur</span> <span class='ocrx_word' id='word_1_268' title='bbox 1368 2481 1478 2540; x_wconf 84' lang='lat' dir='ltr'>schoeni</span> <span class='ocrx_word' id='word_1_269' title='bbox 1496 2481 1667 2552; x_wconf 87' lang='lat' dir='ltr'>duodecim,</span> <span class='ocrx_word' id='word_1_270' title='bbox 1680 2485 1709 2539; x_wconf 90' lang='lat' dir='ltr'>in</span> <span class='ocrx_word' id='word_1_271' title='bbox 1725 2484 1822 2541; x_wconf 88' lang='lat' dir='ltr'>altero</span> 
     </span>
     <span class='ocr_line' id='line_1_24' title="bbox 205 2575 1822 2657; baseline -0.003 -15"><span class='ocrx_word' id='word_1_272' title='bbox 205 2604 265 2642; x_wconf 91' lang='lat' dir='ltr'>uno</span> <span class='ocrx_word' id='word_1_273' title='bbox 282 2584 411 2643; x_wconf 83' lang='lat' dir='ltr'>alterove</span> <span class='ocrx_word' id='word_1_274' title='bbox 431 2599 553 2640; x_wconf 88' lang='lat' dir='ltr'>numero</span> <span class='ocrx_word' id='word_1_275' title='bbox 577 2591 727 2657; x_wconf 88' lang='lat' dir='ltr'>corrupto.</span> <span class='ocrx_word' id='word_1_276' title='bbox 746 2578 899 2636; x_wconf 81' lang='lat' dir='ltr'>Distantiae</span> <span class='ocrx_word' id='word_1_277' title='bbox 916 2577 991 2636; x_wconf 90' lang='lat' dir='ltr'>bene</span> <span class='ocrx_word' id='word_1_278' title='bbox 1033 2575 1093 2636; x_wconf 92' lang='lat' dir='ltr'>duo</span> <span class='ocrx_word' id='word_1_279' title='bbox 1118 2575 1321 2646; x_wconf 86' lang='lat' dir='ltr'>solummodo,</span> <span class='ocrx_word' id='word_1_280' title='bbox 1342 2575 1430 2652; x_wconf 91' lang='lat' dir='ltr'>idque</span> <span class='ocrx_word' id='word_1_281' title='bbox 1447 2579 1567 2648; x_wconf 88' lang='lat' dir='ltr'>rectius;</span> <span class='ocrx_word' id='word_1_282' title='bbox 1593 2597 1659 2634; x_wconf 88' lang='lat' dir='ltr'>nam</span> <span class='ocrx_word' id='word_1_283' title='bbox 1679 2580 1822 2655; x_wconf 88' lang='lat' dir='ltr'>usquead</span> 
     </span>
     <span class='ocr_line' id='line_1_25' title="bbox 205 2671 1822 2752; baseline -0.002 -18"><span class='ocrx_word' id='word_1_284' title='bbox 205 2677 322 2738; x_wconf 88' lang='lat' dir='ltr'>habent.</span> <span class='ocrx_word' id='word_1_285' title='bbox 339 2677 418 2735; x_wconf 88' lang='lat' dir='ltr'>lnter</span> <span class='ocrx_word' id='word_1_286' title='bbox 430 2676 514 2734; x_wconf 83' lang='lat' dir='ltr'>vicos</span> <span class='ocrx_word' id='word_1_287' title='bbox 523 2675 671 2752; x_wconf 89' lang='lat' dir='ltr'>quinque,</span> <span class='ocrx_word' id='word_1_288' title='bbox 684 2673 737 2750; x_wconf 91' lang='lat' dir='ltr'>qui</span> <span class='ocrx_word' id='word_1_289' title='bbox 749 2672 863 2748; x_wconf 87' lang='lat' dir='ltr'>regioni</span> <span class='ocrx_word' id='word_1_290' title='bbox 877 2672 987 2736; x_wconf 86' lang='lat' dir='ltr'>adscri-</span> <span class='ocrx_word' id='word_1_291' title='bbox 1033 2673 1185 2728; x_wconf 71' lang='lat' dir='ltr'>Homadena</span> <span class='ocrx_word' id='word_1_292' title='bbox 1194 2671 1224 2730; x_wconf 91' lang='lat' dir='ltr'>in</span> <span class='ocrx_word' id='word_1_293' title='bbox 1232 2671 1473 2748; x_wconf 86' lang='lat' dir='ltr'>Kiepertimappa</span> <span class='ocrx_word' id='word_1_294' title='bbox 1483 2673 1587 2730; x_wconf 90' lang='lat' dir='ltr'>metior</span> <span class='ocrx_word' id='word_1_295' title='bbox 1597 2672 1730 2731; x_wconf 85' lang='lat' dir='ltr'>schoenos</span> <span class='ocrx_word' id='word_1_296' title='bbox 1736 2675 1822 2732; x_wconf 91' lang='lat' dir='ltr'>circi·</span> 
     </span>
     <span class='ocr_line' id='line_1_26' title="bbox 205 2765 1821 2849; baseline -0.002 -19"><span class='ocrx_word' id='word_1_297' title='bbox 205 2771 315 2830; x_wconf 83' lang='lat' dir='ltr'>huntur</span> <span class='ocrx_word' id='word_1_298' title='bbox 330 2773 449 2831; x_wconf 76' lang='lat' dir='ltr'>sortasse</span> <span class='ocrx_word' id='word_1_299' title='bbox 459 2783 543 2828; x_wconf 88' lang='lat' dir='ltr'>erant</span> <span class='ocrx_word' id='word_1_300' title='bbox 555 2767 677 2849; x_wconf 72' lang='grc' dir='ltr'>Ἀρραόα</span> <span class='ocrx_word' id='word_1_301' title='bbox 700 2767 759 2843; x_wconf 89' lang='lat' dir='ltr'>(an</span> <span class='ocrx_word' id='word_1_302' title='bbox 772 2771 911 2824; x_wconf 72' lang='lat' dir='ltr'>dumata</span> <span class='ocrx_word' id='word_1_303' title='bbox 931 2767 957 2824; x_wconf 87' lang='lat' dir='ltr'>T</span> <span class='ocrx_word' id='word_1_304' title='bbox 959 2787 990 2826; x_wconf 88' lang='lat' dir='ltr'>a·</span> <span class='ocrx_word' id='word_1_305' title='bbox 1034 2780 1077 2824; x_wconf 92' lang='lat' dir='ltr'>ter</span> <span class='ocrx_word' id='word_1_306' title='bbox 1088 2766 1271 2844; x_wconf 66' lang='lat' dir='ltr'>quindecim</span> <span class='ocrx_word' id='word_1_307' title='bbox 1288 2767 1318 2824; x_wconf 91' lang='lat' dir='ltr'>in</span> <span class='ocrx_word' id='word_1_308' title='bbox 1328 2765 1472 2845; x_wconf 82' lang='lat' dir='ltr'>excerptis</span> <span class='ocrx_word' id='word_1_309' title='bbox 1480 2767 1587 2824; x_wconf 90' lang='lat' dir='ltr'>nostris</span> <span class='ocrx_word' id='word_1_310' title='bbox 1598 2766 1691 2824; x_wconf 82' lang='lat' dir='ltr'>forent</span> <span class='ocrx_word' id='word_1_311' title='bbox 1702 2768 1821 2826; x_wconf 87' lang='lat' dir='ltr'>duode-</span> 
     </span>
     <span class='ocr_line' id='line_1_27' title="bbox 204 2860 1821 2947; baseline -0.002 -21"><span class='ocrx_word' id='word_1_312' title='bbox 204 2868 282 2927; x_wconf 81' lang='lat' dir='ltr'>bulae</span> <span class='ocrx_word' id='word_1_313' title='bbox 295 2868 416 2947; x_wconf 72' lang='lat' dir='ltr'>Peuci)</span> <span class='ocrx_word' id='word_1_314' title='bbox 434 2881 464 2926; x_wconf 90' lang='lat' dir='ltr'>et</span> <span class='ocrx_word' id='word_1_315' title='bbox 477 2868 582 2946; x_wconf 79' lang='grc' dir='ltr'>Σοῦραν,</span> <span class='ocrx_word' id='word_1_316' title='bbox 596 2885 672 2943; x_wconf 88' lang='lat' dir='ltr'>quos</span> <span class='ocrx_word' id='word_1_317' title='bbox 686 2865 718 2923; x_wconf 90' lang='lat' dir='ltr'>in</span> <span class='ocrx_word' id='word_1_318' title='bbox 729 2863 785 2923; x_wconf 89' lang='lat' dir='ltr'>hoc</span> <span class='ocrx_word' id='word_1_319' title='bbox 799 2876 893 2923; x_wconf 90' lang='lat' dir='ltr'>tractu</span> <span class='ocrx_word' id='word_1_320' title='bbox 903 2863 991 2925; x_wconf 89' lang='lat' dir='ltr'>habet</span> <span class='ocrx_word' id='word_1_321' title='bbox 1033 2862 1100 2923; x_wconf 89' lang='lat' dir='ltr'>cim.</span> <span class='ocrx_word' id='word_1_322' title='bbox 1117 2861 1234 2938; x_wconf 87' lang='lat' dir='ltr'>lleliqui</span> <span class='ocrx_word' id='word_1_323' title='bbox 1247 2860 1348 2920; x_wconf 81' lang='lat' dir='ltr'>llediae</span> <span class='ocrx_word' id='word_1_324' title='bbox 1361 2863 1521 2940; x_wconf 86' lang='lat' dir='ltr'>superioris</span> <span class='ocrx_word' id='word_1_325' title='bbox 1535 2861 1647 2921; x_wconf 86' lang='lat' dir='ltr'>schoeni</span> <span class='ocrx_word' id='word_1_326' title='bbox 1662 2865 1715 2933; x_wconf 75' lang='lat'>26,</span> <span class='ocrx_word' id='word_1_327' title='bbox 1740 2864 1821 2923; x_wconf 88' lang='lat' dir='ltr'>haud</span> 
     </span>
     <span class='ocr_line' id='line_1_28' title="bbox 205 2942 1821 3039; baseline -0.002 -18"><span class='ocrx_word' id='word_1_328' title='bbox 205 2964 388 3023; x_wconf 82' lang='lat' dir='ltr'>Ptolemaeus.</span> <span class='ocrx_word' id='word_1_329' title='bbox 416 2962 521 3022; x_wconf 88' lang='lat' dir='ltr'>Nescio</span> <span class='ocrx_word' id='word_1_330' title='bbox 542 2981 579 3020; x_wconf 88' lang='lat' dir='ltr'>an</span> <span class='ocrx_word' id='word_1_331' title='bbox 600 2960 766 3039; x_wconf 82' lang='lat' dir='ltr'>pertineant</span> <span class='ocrx_word' id='word_1_332' title='bbox 786 2957 823 3017; x_wconf 89' lang='lat' dir='ltr'>ad</span> <span class='ocrx_word' id='word_1_333' title='bbox 838 2958 939 3017; x_wconf 89' lang='lat' dir='ltr'>ruinas</span> <span class='ocrx_word' id='word_1_334' title='bbox 958 2960 989 3019; x_wconf 89' lang='lat' dir='ltr'>in</span> <span class='ocrx_word' id='word_1_335' title='bbox 1032 2959 1122 3019; x_wconf 88' lang='lat' dir='ltr'>dubie</span> <span class='ocrx_word' id='word_1_336' title='bbox 1133 2959 1279 3037; x_wconf 86' lang='lat' dir='ltr'>pertinent</span> <span class='ocrx_word' id='word_1_337' title='bbox 1290 2978 1382 3036; x_wconf 86' lang='lat' dir='ltr'>usque</span> <span class='ocrx_word' id='word_1_338' title='bbox 1399 2958 1435 3017; x_wconf 88' lang='lat' dir='ltr'>ad</span> <span class='ocrx_word' id='word_1_339' title='bbox 1448 2942 1728 3033; x_wconf 78' lang='lat' dir='ltr'>nienteslihcrragan</span> <span class='ocrx_word' id='word_1_340' title='bbox 1743 2962 1821 3037; x_wconf 80' lang='grc' dir='ltr'>(Ἰα-</span> 
     </span>
     <span class='ocr_line' id='line_1_29' title="bbox 205 3052 1821 3134; baseline -0.002 -19"><span class='ocrx_word' id='word_1_341' title='bbox 205 3058 356 3117; x_wconf 83' lang='lat' dir='ltr'>hodiernis</span> <span class='ocrx_word' id='word_1_342' title='bbox 364 3058 437 3117; x_wconf 90' lang='lat' dir='ltr'>locis</span> <span class='ocrx_word' id='word_1_343' title='bbox 454 3061 541 3114; x_wconf 80' lang='lat' dir='ltr'>Kasri</span> <span class='ocrx_word' id='word_1_344' title='bbox 556 3057 657 3114; x_wconf 78' lang='lat' dir='ltr'>Chirin</span> <span class='ocrx_word' id='word_1_345' title='bbox 676 3067 705 3112; x_wconf 90' lang='lat' dir='ltr'>et</span> <span class='ocrx_word' id='word_1_346' title='bbox 719 3054 928 3111; x_wconf 70' lang='lat' dir='ltr'>Haece-lieret</span> <span class='ocrx_word' id='word_1_347' title='bbox 942 3052 987 3134; x_wconf 81' lang='lat' dir='ltr'>(V.</span> <span class='ocrx_word' id='word_1_348' title='bbox 1033 3055 1117 3114; x_wconf 82' lang='grc' dir='ltr'>σόνιον</span> <span class='ocrx_word' id='word_1_349' title='bbox 1131 3054 1188 3133; x_wconf 78' lang='grc' dir='ltr'>ὄρος</span> <span class='ocrx_word' id='word_1_350' title='bbox 1201 3054 1372 3129; x_wconf 82' lang='lat' dir='ltr'>Ptolemaei),</span> <span class='ocrx_word' id='word_1_351' title='bbox 1382 3072 1507 3130; x_wconf 86' lang='lat' dir='ltr'>quorum</span> <span class='ocrx_word' id='word_1_352' title='bbox 1520 3053 1623 3130; x_wconf 87' lang='lat' dir='ltr'>jugum</span> <span class='ocrx_word' id='word_1_353' title='bbox 1636 3075 1712 3133; x_wconf 91' lang='lat' dir='ltr'>pone</span> <span class='ocrx_word' id='word_1_354' title='bbox 1725 3059 1821 3112; x_wconf 65' lang='lat' dir='ltr'>Auen</span> 
     </span>
     <span class='ocr_line' id='line_1_30' title="bbox 207 3149 1821 3230; baseline -0.002 -17"><span class='ocrx_word' id='word_1_355' title='bbox 207 3156 298 3214; x_wconf 81' lang='lat' dir='ltr'>liitter</span> <span class='ocrx_word' id='word_1_356' title='bbox 312 3154 361 3227; x_wconf 83' lang='lat' dir='ltr'>tx,</span> <span class='ocrx_word' id='word_1_357' title='bbox 379 3156 446 3223; x_wconf 68' lang='grc'>486.</span> <span class='ocrx_word' id='word_1_358' title='bbox 462 3150 550 3230; x_wconf 75' lang='lat' dir='ltr'>lita).</span> <span class='ocrx_word' id='word_1_359' title='bbox 1032 3149 1129 3208; x_wconf 91' lang='lat' dir='ltr'>locum</span> <span class='ocrx_word' id='word_1_360' title='bbox 1144 3149 1360 3225; x_wconf 77' lang='lat' dir='ltr'>exporrigitur3</span> <span class='ocrx_word' id='word_1_361' title='bbox 1383 3168 1556 3226; x_wconf 86' lang='lat' dir='ltr'>quamquam</span> <span class='ocrx_word' id='word_1_362' title='bbox 1577 3149 1730 3219; x_wconf 86' lang='lat' dir='ltr'>distantia,</span> <span class='ocrx_word' id='word_1_363' title='bbox 1747 3152 1772 3209; x_wconf 90' lang='lat' dir='ltr'>si</span> <span class='ocrx_word' id='word_1_364' title='bbox 1788 3152 1821 3209; x_wconf 89' lang='lat' dir='ltr'>in</span> 
     </span>
     <span class='ocr_line' id='line_1_31' title="bbox 245 3242 1820 3325; baseline -0.001 -18"><span class='ocrx_word' id='word_1_365' title='bbox 245 3249 313 3317; x_wconf 75' lang='lat' dir='ltr'>itt.</span> <span class='ocrx_word' id='word_1_366' title='bbox 324 3249 427 3307; x_wconf 75' lang='lat' dir='ltr'>Mensa</span> <span class='ocrx_word' id='word_1_367' title='bbox 438 3265 602 3307; x_wconf 81' lang='lat' dir='ltr'>mnmoms</span> <span class='ocrx_word' id='word_1_368' title='bbox 611 3243 723 3305; x_wconf 81' lang='lat' dir='ltr'>schoeni</span> <span class='ocrx_word' id='word_1_369' title='bbox 739 3264 776 3302; x_wconf 84' lang='lat' dir='ltr'>aa</span> <span class='ocrx_word' id='word_1_370' title='bbox 791 3242 906 3319; x_wconf 88' lang='lat' dir='ltr'>aZagri</span> <span class='ocrx_word' id='word_1_371' title='bbox 920 3263 989 3320; x_wconf 89' lang='lat' dir='ltr'>por-</span> <span class='ocrx_word' id='word_1_372' title='bbox 1032 3246 1121 3325; x_wconf 85' lang='lat' dir='ltr'>plano</span> <span class='ocrx_word' id='word_1_373' title='bbox 1132 3246 1378 3323; x_wconf 85' lang='lat' dir='ltr'>metiaris,paullo</span> <span class='ocrx_word' id='word_1_374' title='bbox 1386 3246 1482 3304; x_wconf 90' lang='lat' dir='ltr'>minor</span> <span class='ocrx_word' id='word_1_375' title='bbox 1493 3260 1545 3306; x_wconf 91' lang='lat' dir='ltr'>est.</span> <span class='ocrx_word' id='word_1_376' title='bbox 1559 3245 1644 3316; x_wconf 87' lang='lat' dir='ltr'>Quod</span> <span class='ocrx_word' id='word_1_377' title='bbox 1652 3247 1767 3321; x_wconf 88' lang='lat' dir='ltr'>singula</span> <span class='ocrx_word' id='word_1_378' title='bbox 1775 3262 1820 3306; x_wconf 87' lang='lat' dir='ltr'>at·</span> 
     </span>
     <span class='ocr_line' id='line_1_32' title="bbox 204 3338 1820 3424; baseline -0.007 -12"><span class='ocrx_word' id='word_1_379' title='bbox 204 3346 242 3406; x_wconf 69' lang='lat' dir='ltr'>tit</span> <span class='ocrx_word' id='word_1_380' title='bbox 255 3346 402 3424; x_wconf 71' lang='lat' dir='ltr'>pertinent</span> <span class='ocrx_word' id='word_1_381' title='bbox 413 3342 450 3401; x_wconf 68' lang='lat' dir='ltr'>td</span> <span class='ocrx_word' id='word_1_382' title='bbox 463 3345 613 3411; x_wconf 75' lang='lat' dir='ltr'>Xera-Se,</span> <span class='ocrx_word' id='word_1_383' title='bbox 632 3341 685 3418; x_wconf 72' lang='lat' dir='ltr'>(lul</span> <span class='ocrx_word' id='word_1_384' title='bbox 705 3340 738 3400; x_wconf 89' lang='lat' dir='ltr'>in</span> <span class='ocrx_word' id='word_1_385' title='bbox 751 3341 846 3397; x_wconf 64' lang='lat' dir='ltr'>Keria</span> <span class='ocrx_word' id='word_1_386' title='bbox 864 3338 988 3397; x_wconf 77' lang='lat' dir='ltr'>fluvium</span> <span class='ocrx_word' id='word_1_387' title='bbox 1031 3344 1120 3413; x_wconf 90' lang='lat' dir='ltr'>tinet,</span> <span class='ocrx_word' id='word_1_388' title='bbox 1134 3343 1308 3422; x_wconf 77' lang='lat' dir='ltr'>Adrapanan</span> <span class='ocrx_word' id='word_1_389' title='bbox 1321 3344 1416 3419; x_wconf 92' lang='lat' dir='ltr'>regia,</span> <span class='ocrx_word' id='word_1_390' title='bbox 1430 3343 1503 3401; x_wconf 88' lang='lat' dir='ltr'>duos</span> <span class='ocrx_word' id='word_1_391' title='bbox 1513 3342 1820 3420; x_wconf 76' lang='lat' dir='ltr'>abhgbatanisschoe·</span> 
     </span>
     <span class='ocr_line' id='line_1_33' title="bbox 203 3440 1819 3524; baseline -0.007 -14"><span class='ocrx_word' id='word_1_392' title='bbox 203 3463 387 3510; x_wconf 83' lang='lat' dir='ltr'>exoneratur.</span> <span class='ocrx_word' id='word_1_393' title='bbox 413 3447 553 3507; x_wconf 77' lang='lat' dir='ltr'>Proxime</span> <span class='ocrx_word' id='word_1_394' title='bbox 578 3458 646 3524; x_wconf 89' lang='lat' dir='ltr'>post</span> <span class='ocrx_word' id='word_1_395' title='bbox 667 3444 792 3521; x_wconf 85' lang='lat' dir='ltr'>Zagrum</span> <span class='ocrx_word' id='word_1_396' title='bbox 814 3457 859 3502; x_wconf 88' lang='lat' dir='ltr'>est</span> <span class='ocrx_word' id='word_1_397' title='bbox 881 3442 989 3501; x_wconf 87' lang='lat' dir='ltr'>Carina</span> <span class='ocrx_word' id='word_1_398' title='bbox 1031 3460 1086 3501; x_wconf 87' lang='lat' dir='ltr'>nos</span> <span class='ocrx_word' id='word_1_399' title='bbox 1101 3440 1228 3513; x_wconf 88' lang='lat' dir='ltr'>distans,</span> <span class='ocrx_word' id='word_1_400' title='bbox 1243 3462 1302 3501; x_wconf 90' lang='lat' dir='ltr'>non</span> <span class='ocrx_word' id='word_1_401' title='bbox 1317 3442 1432 3501; x_wconf 84' lang='lat' dir='ltr'>diversa</span> <span class='ocrx_word' id='word_1_402' title='bbox 1446 3441 1532 3501; x_wconf 84' lang='lat' dir='ltr'>luerit</span> <span class='ocrx_word' id='word_1_403' title='bbox 1546 3440 1584 3499; x_wconf 89' lang='lat' dir='ltr'>ab</span> <span class='ocrx_word' id='word_1_404' title='bbox 1596 3460 1630 3501; x_wconf 87' lang='lat' dir='ltr'>ea</span> <span class='ocrx_word' id='word_1_405' title='bbox 1644 3461 1730 3517; x_wconf 87' lang='lat' dir='ltr'>quam</span> <span class='ocrx_word' id='word_1_406' title='bbox 1744 3442 1819 3499; x_wconf 79' lang='lat' dir='ltr'>ttio-</span> 
     </span>
     <span class='ocr_line' id='line_1_34' title="bbox 204 3534 1820 3624; baseline -0.007 -19"><span class='ocrx_word' id='word_1_407' title='bbox 204 3548 307 3624; x_wconf 87' lang='lat' dir='ltr'>regio,</span> <span class='ocrx_word' id='word_1_408' title='bbox 333 3546 418 3622; x_wconf 88' lang='lat' dir='ltr'>cnjus</span> <span class='ocrx_word' id='word_1_409' title='bbox 435 3545 525 3603; x_wconf 81' lang='lat' dir='ltr'>luisse</span> <span class='ocrx_word' id='word_1_410' title='bbox 547 3544 645 3601; x_wconf 91' lang='lat' dir='ltr'>locum</span> <span class='ocrx_word' id='word_1_411' title='bbox 660 3542 882 3617; x_wconf 85' lang='lat' dir='ltr'>cognominem,</span> <span class='ocrx_word' id='word_1_412' title='bbox 898 3539 988 3619; x_wconf 84' lang='grc' dir='ltr'>Κίρι-</span> <span class='ocrx_word' id='word_1_413' title='bbox 1031 3536 1121 3595; x_wconf 90' lang='lat' dir='ltr'>dorus</span> <span class='ocrx_word' id='word_1_414' title='bbox 1143 3550 1284 3595; x_wconf 87' lang='lat' dir='ltr'>memorat</span> <span class='ocrx_word' id='word_1_415' title='bbox 1298 3536 1379 3611; x_wconf 85' lang='lat' dir='ltr'>lllll,</span> <span class='ocrx_word' id='word_1_416' title='bbox 1397 3546 1465 3611; x_wconf 66' lang='lat' dir='ltr'>ihi</span> <span class='ocrx_word' id='word_1_417' title='bbox 1484 3560 1490 3593; x_wconf 90' lang='lat'><strong>:</strong></span> <span class='ocrx_word' id='word_1_418' title='bbox 1517 3534 1549 3595; x_wconf 85' lang='grc' dir='ltr'><strong>Ὁ</strong></span> <span class='ocrx_word' id='word_1_419' title='bbox 1564 3534 1591 3595; x_wconf 81' lang='grc' dir='ltr'>δὲ</span> <span class='ocrx_word' id='word_1_420' title='bbox 1613 3535 1752 3613; x_wconf 80' lang='grc' dir='ltr'>Ἀντίγονος</span> <span class='ocrx_word' id='word_1_421' title='bbox 1769 3538 1820 3605; x_wconf 71' lang='grc' dir='ltr'>τὴν</span> 
     </span>
     <span class='ocr_line' id='line_1_35' title="bbox 204 3628 1818 3720; baseline -0.007 -23"><span class='ocrx_word' id='word_1_422' title='bbox 204 3664 251 3697; x_wconf 90' lang='grc' dir='ltr'>ναν</span> <span class='ocrx_word' id='word_1_423' title='bbox 272 3639 361 3720; x_wconf 80' lang='lat' dir='ltr'>(hod.</span> <span class='ocrx_word' id='word_1_424' title='bbox 377 3633 496 3707; x_wconf 59' lang='lat' dir='ltr'>&#39;Krene</span> <span class='ocrx_word' id='word_1_425' title='bbox 516 3642 633 3712; x_wconf 71' lang='lat' dir='ltr'>limet,</span> <span class='ocrx_word' id='word_1_426' title='bbox 654 3639 785 3705; x_wconf 80' lang='lat' dir='ltr'>Karend,</span> <span class='ocrx_word' id='word_1_427' title='bbox 813 3636 934 3690; x_wconf 80' lang='lat' dir='ltr'>Kumnd</span> <span class='ocrx_word' id='word_1_428' title='bbox 952 3632 988 3691; x_wconf 86' lang='lat' dir='ltr'>ad</span> <span class='ocrx_word' id='word_1_429' title='bbox 1031 3630 1142 3707; x_wconf 83' lang='grc' dir='ltr'>δύναμιν</span> <span class='ocrx_word' id='word_1_430' title='bbox 1156 3628 1263 3688; x_wconf 72' lang='grc' dir='ltr'>ἅπασαν</span> <span class='ocrx_word' id='word_1_431' title='bbox 1280 3628 1420 3688; x_wconf 76' lang='grc' dir='ltr'>αίναλοίὼν</span> <span class='ocrx_word' id='word_1_432' title='bbox 1441 3632 1477 3695; x_wconf 81' lang='grc' dir='ltr'>είς</span> <span class='ocrx_word' id='word_1_433' title='bbox 1490 3629 1608 3701; x_wconf 81' lang='grc' dir='ltr'>Μηδίαν,</span> <span class='ocrx_word' id='word_1_434' title='bbox 1627 3628 1704 3695; x_wconf 75' lang='grc' dir='ltr'>αὐτὸς</span> <span class='ocrx_word' id='word_1_435' title='bbox 1722 3629 1770 3703; x_wconf 80' lang='grc' dir='ltr'>μὲν</span> <span class='ocrx_word' id='word_1_436' title='bbox 1791 3628 1818 3686; x_wconf 78' lang='grc' dir='ltr'>ἓν</span> 
     </span>
     <span class='ocr_line' id='line_1_36' title="bbox 205 3722 1818 3809; baseline -0.006 -18"><span class='ocrx_word' id='word_1_437' title='bbox 205 3735 271 3794; x_wconf 79' lang='lat' dir='ltr'>lluv.</span> <span class='ocrx_word' id='word_1_438' title='bbox 286 3752 371 3809; x_wconf 87' lang='lat' dir='ltr'>cogn.</span> <span class='ocrx_word' id='word_1_439' title='bbox 386 3731 422 3791; x_wconf 76' lang='lat' dir='ltr'>V.</span> <span class='ocrx_word' id='word_1_440' title='bbox 450 3730 552 3791; x_wconf 71' lang='lat' dir='ltr'>hister.</span> <span class='ocrx_word' id='word_1_441' title='bbox 567 3728 619 3801; x_wconf 81' lang='lat' dir='ltr'>lx,</span> <span class='ocrx_word' id='word_1_442' title='bbox 639 3749 670 3806; x_wconf 90' lang='lat' dir='ltr'>p.</span> <span class='ocrx_word' id='word_1_443' title='bbox 696 3727 808 3806; x_wconf 80' lang='lat' dir='ltr'>391)e</span> <span class='ocrx_word' id='word_1_444' title='bbox 831 3726 988 3785; x_wconf 78' lang='lat' dir='ltr'>Ptolemaeo</span> <span class='ocrx_word' id='word_1_445' title='bbox 1030 3746 1081 3783; x_wconf 79' lang='grc' dir='ltr'>τινι</span> <span class='ocrx_word' id='word_1_446' title='bbox 1099 3724 1177 3803; x_wconf 83' lang='grc' dir='ltr'><strong>κώμῃ</strong></span> <span class='ocrx_word' id='word_1_447' title='bbox 1196 3724 1392 3803; x_wconf 78' lang='grc' dir='ltr'>παρεχείμασεν</span> <span class='ocrx_word' id='word_1_448' title='bbox 1409 3722 1474 3801; x_wconf 80' lang='grc' dir='ltr'>οὔσῃ</span> <span class='ocrx_word' id='word_1_449' title='bbox 1497 3722 1608 3795; x_wconf 79' lang='grc' dir='ltr'>πλησίον</span> <span class='ocrx_word' id='word_1_450' title='bbox 1626 3723 1818 3799; x_wconf 52' lang='lat' dir='ltr'>’liuderdam</span> 
     </span>
    </p>
   </div>
   <div class='ocr_carea' id='block_1_3' title="bbox 202 3812 1822 4287">
    <p class='ocr_par' dir='ltr' id='par_1_3' title="bbox 202 3812 1822 4189">
     <span class='ocr_line' id='line_1_37' title="bbox 203 3812 1819 3903; baseline -0.006 -17"><span class='ocrx_word' id='word_1_451' title='bbox 203 3828 385 3903; x_wconf 74' lang='lat' dir='ltr'>intelligitur.</span> <span class='ocrx_word' id='word_1_452' title='bbox 396 3824 427 3885; x_wconf 79' lang='lat' dir='ltr'>ls</span> <span class='ocrx_word' id='word_1_453' title='bbox 435 3824 604 3885; x_wconf 78' lang='lat' dir='ltr'>lueritunus</span> <span class='ocrx_word' id='word_1_454' title='bbox 615 3824 789 3900; x_wconf 87' lang='lat' dir='ltr'>dequinque</span> <span class='ocrx_word' id='word_1_455' title='bbox 797 3820 900 3880; x_wconf 75' lang='lat' dir='ltr'>Mediae</span> <span class='ocrx_word' id='word_1_456' title='bbox 910 3821 988 3880; x_wconf 86' lang='lat' dir='ltr'>inse·</span> <span class='ocrx_word' id='word_1_457' title='bbox 1031 3812 1088 3899; x_wconf 74' lang='grc' dir='ltr'>ίνῇ</span> <span class='ocrx_word' id='word_1_458' title='bbox 1103 3822 1150 3890; x_wconf 80' lang='grc' dir='ltr'>τῆς</span> <span class='ocrx_word' id='word_1_459' title='bbox 1173 3816 1263 3898; x_wconf 78' lang='grc' dir='ltr'>χώρας</span> <span class='ocrx_word' id='word_1_460' title='bbox 1284 3818 1383 3888; x_wconf 75' lang='grc' dir='ltr'>ἐκείνης</span> <span class='ocrx_word' id='word_1_461' title='bbox 1404 3817 1459 3876; x_wconf 82' lang='grc' dir='ltr'>ίστί</span> <span class='ocrx_word' id='word_1_462' title='bbox 1478 3818 1510 3875; x_wconf 77' lang='lat' dir='ltr'>cd</span> <span class='ocrx_word' id='word_1_463' title='bbox 1527 3818 1659 3895; x_wconf 82' lang='grc' dir='ltr'>βασίλεια.</span> <span class='ocrx_word' id='word_1_464' title='bbox 1682 3818 1819 3893; x_wconf 82' lang='lat' dir='ltr'>Bazigra-</span> 
     </span>
     <span class='ocr_line' id='line_1_38' title="bbox 205 3912 1822 3998; baseline -0.007 -15"><span class='ocrx_word' id='word_1_465' title='bbox 205 3926 293 3985; x_wconf 88' lang='lat' dir='ltr'>rioris</span> <span class='ocrx_word' id='word_1_466' title='bbox 304 3924 378 3981; x_wconf 90' lang='lat' dir='ltr'>vicis</span> <span class='ocrx_word' id='word_1_467' title='bbox 387 3923 552 3980; x_wconf 75' lang='lat' dir='ltr'>viaenostre</span> <span class='ocrx_word' id='word_1_468' title='bbox 560 3922 702 3998; x_wconf 89' lang='lat' dir='ltr'>appositis</span> <span class='ocrx_word' id='word_1_469' title='bbox 709 3919 766 3997; x_wconf 59' lang='lat'>(¹).</span> <span class='ocrx_word' id='word_1_470' title='bbox 777 3918 894 3995; x_wconf 81' lang='lat' dir='ltr'>Reliqui</span> <span class='ocrx_word' id='word_1_471' title='bbox 903 3930 986 3995; x_wconf 90' lang='lat' dir='ltr'>quat·</span> <span class='ocrx_word' id='word_1_472' title='bbox 1031 3916 1088 3972; x_wconf 91' lang='lat' dir='ltr'>ban</span> <span class='ocrx_word' id='word_1_473' title='bbox 1107 3913 1227 3973; x_wconf 81' lang='grc' dir='ltr'>τελώνιον</span> <span class='ocrx_word' id='word_1_474' title='bbox 1249 3912 1286 3971; x_wconf 90' lang='lat' dir='ltr'>ad</span> <span class='ocrx_word' id='word_1_475' title='bbox 1301 3913 1397 3971; x_wconf 86' lang='lat' dir='ltr'>lauces</span> <span class='ocrx_word' id='word_1_476' title='bbox 1420 3913 1496 3970; x_wconf 91' lang='lat' dir='ltr'>inter</span> <span class='ocrx_word' id='word_1_477' title='bbox 1514 3916 1635 3969; x_wconf 83' lang='lat' dir='ltr'>Etwend</span> <span class='ocrx_word' id='word_1_478' title='bbox 1657 3926 1686 3970; x_wconf 86' lang='lat' dir='ltr'>et</span> <span class='ocrx_word' id='word_1_479' title='bbox 1703 3916 1822 3987; x_wconf 81' lang='lat' dir='ltr'>Snnger</span> 
     </span>
     <span class='ocr_line' id='line_1_39' title="bbox 203 4007 1802 4097; baseline -0.009 -17"><span class='ocrx_word' id='word_1_480' title='bbox 203 4034 272 4081; x_wconf 89' lang='lat' dir='ltr'>tuor</span> <span class='ocrx_word' id='word_1_481' title='bbox 278 4017 482 4097; x_wconf 87' lang='lat' dir='ltr'>responderint</span> <span class='ocrx_word' id='word_1_482' title='bbox 492 4016 564 4074; x_wconf 88' lang='lat' dir='ltr'>locis</span> <span class='ocrx_word' id='word_1_483' title='bbox 573 4016 758 4082; x_wconf 76' lang='grc' dir='ltr'>Ηαααααίιαιί,</span> <span class='ocrx_word' id='word_1_484' title='bbox 769 4015 906 4081; x_wconf 79' lang='lat' dir='ltr'>Sewerelt,</span> <span class='ocrx_word' id='word_1_485' title='bbox 919 4016 987 4069; x_wconf 89' lang='grc' dir='ltr'>Μα-</span> <span class='ocrx_word' id='word_1_486' title='bbox 1032 4022 1144 4069; x_wconf 87' lang='lat' dir='ltr'>montes</span> <span class='ocrx_word' id='word_1_487' title='bbox 1157 4010 1234 4067; x_wconf 89' lang='lat' dir='ltr'>circa</span> <span class='ocrx_word' id='word_1_488' title='bbox 1248 4007 1419 4067; x_wconf 88' lang='lat' dir='ltr'>hodiernam</span> <span class='ocrx_word' id='word_1_489' title='bbox 1434 4010 1592 4065; x_wconf 85' lang='lat' dir='ltr'>Saadnbad</span> <span class='ocrx_word' id='word_1_490' title='bbox 1602 4008 1689 4065; x_wconf 89' lang='lat' dir='ltr'>situm</span> <span class='ocrx_word' id='word_1_491' title='bbox 1703 4008 1802 4067; x_wconf 87' lang='lat' dir='ltr'>luerit.</span> 
     </span>
     <span class='ocr_line' id='line_1_40' title="bbox 202 4104 1819 4189; baseline -0.008 -15"><span class='ocrx_word' id='word_1_492' title='bbox 202 4110 332 4186; x_wconf 78' lang='lat' dir='ltr'>Irideelrt,</span> <span class='ocrx_word' id='word_1_493' title='bbox 343 4113 553 4184; x_wconf 78' lang='lat' dir='ltr'>Kirmanclralr,</span> <span class='ocrx_word' id='word_1_494' title='bbox 567 4129 619 4189; x_wconf 90' lang='lat' dir='ltr'>pet·</span> <span class='ocrx_word' id='word_1_495' title='bbox 630 4128 696 4186; x_wconf 81' lang='lat' dir='ltr'>quae</span> <span class='ocrx_word' id='word_1_496' title='bbox 707 4107 797 4167; x_wconf 88' lang='lat' dir='ltr'>hodie</span> <span class='ocrx_word' id='word_1_497' title='bbox 814 4109 871 4165; x_wconf 86' lang='lat' dir='ltr'>iter</span> <span class='ocrx_word' id='word_1_498' title='bbox 885 4107 977 4166; x_wconf 90' lang='lat' dir='ltr'>ducit.</span> <span class='ocrx_word' id='word_1_499' title='bbox 1074 4108 1142 4175; x_wconf 75' lang='lat'>146.</span> <span class='ocrx_word' id='word_1_500' title='bbox 1160 4106 1261 4163; x_wconf 77' lang='lat' dir='ltr'>lllanre</span> <span class='ocrx_word' id='word_1_501' title='bbox 1272 4105 1427 4163; x_wconf 74' lang='lat' dir='ltr'>herenna</span> <span class='ocrx_word' id='word_1_502' title='bbox 1443 4105 1556 4162; x_wconf 82' lang='lat' dir='ltr'>selroeni</span> <span class='ocrx_word' id='word_1_503' title='bbox 1574 4104 1611 4161; x_wconf 83' lang='lat'>58</span> <span class='ocrx_word' id='word_1_504' title='bbox 1622 4123 1640 4162; x_wconf 89' lang='lat' dir='ltr'>a</span> <span class='ocrx_word' id='word_1_505' title='bbox 1656 4106 1819 4178; x_wconf 74' lang='lat' dir='ltr'>Klimugan</span> 
     </span>
    </p>

    <p class='ocr_par' dir='ltr' id='par_1_4' title="bbox 245 4200 1817 4287">
     <span class='ocr_line' id='line_1_41' title="bbox 245 4200 1817 4287; baseline -0.008 -17"><span class='ocrx_word' id='word_1_506' title='bbox 245 4203 986 4287; x_wconf 68' lang='lat' dir='ltr'>rit..TrajectoKaraSuduvioadsinistramhabes</span> <span class='ocrx_word' id='word_1_507' title='bbox 1032 4215 1129 4260; x_wconf 91' lang='lat' dir='ltr'>monte</span> <span class='ocrx_word' id='word_1_508' title='bbox 1146 4219 1237 4279; x_wconf 85' lang='lat' dir='ltr'>usque</span> <span class='ocrx_word' id='word_1_509' title='bbox 1256 4200 1294 4259; x_wconf 90' lang='lat' dir='ltr'>ad</span> <span class='ocrx_word' id='word_1_510' title='bbox 1310 4202 1427 4257; x_wconf 83' lang='lat' dir='ltr'>Sirdara</span> <span class='ocrx_word' id='word_1_511' title='bbox 1446 4200 1507 4258; x_wconf 88' lang='lat' dir='ltr'>sive</span> <span class='ocrx_word' id='word_1_512' title='bbox 1530 4200 1666 4278; x_wconf 85' lang='lat' dir='ltr'>Caspium</span> <span class='ocrx_word' id='word_1_513' title='bbox 1685 4212 1817 4257; x_wconf 88' lang='lat' dir='ltr'>montem</span> 
     </span>
    </p>
   </div>
   <div class='ocr_carea' id='block_1_4' title="bbox 201 4396 1821 5239">
    <p class='ocr_par' dir='ltr' id='par_1_5' title="bbox 201 4396 1821 5101">
     <span class='ocr_line' id='line_1_42' title="bbox 233 4396 1816 4471; baseline -0.009 -10"><span class='ocrx_word' id='word_1_514' title='bbox 233 4410 266 4471; x_wconf 76' lang='grc'>(’)</span> <span class='ocrx_word' id='word_1_515' title='bbox 281 4410 426 4461; x_wconf 75' lang='lat' dir='ltr'>Ptolemaeos</span> <span class='ocrx_word' id='word_1_516' title='bbox 435 4410 478 4468; x_wconf 82' lang='lat' dir='ltr'>vl,</span> <span class='ocrx_word' id='word_1_517' title='bbox 490 4414 500 4457; x_wconf 91' lang='lat' dir='ltr'>t</span> <span class='ocrx_word' id='word_1_518' title='bbox 512 4418 536 4469; x_wconf 91' lang='lat' dir='ltr'>p.</span> <span class='ocrx_word' id='word_1_519' title='bbox 549 4411 603 4466; x_wconf 82' lang='lat' dir='ltr'>tte,</span> <span class='ocrx_word' id='word_1_520' title='bbox 611 4404 653 4467; x_wconf 86' lang='lat' dir='ltr'>qni</span> <span class='ocrx_word' id='word_1_521' title='bbox 663 4405 779 4455; x_wconf 78' lang='lat' dir='ltr'>Artemita</span> <span class='ocrx_word' id='word_1_522' title='bbox 789 4405 856 4468; x_wconf 86' lang='lat' dir='ltr'>ponit</span> <span class='ocrx_word' id='word_1_523' title='bbox 865 4408 906 4455; x_wconf 79' lang='lat' dir='ltr'>tt·</span> <span class='ocrx_word' id='word_1_524' title='bbox 917 4400 952 4455; x_wconf 80' lang='lat' dir='ltr'>tc&#39;</span> <span class='ocrx_word' id='word_1_525' title='bbox 960 4402 1035 4464; x_wconf 75' lang='lat' dir='ltr'>long,</span> <span class='ocrx_word' id='word_1_526' title='bbox 1047 4399 1087 4449; x_wconf 65' lang='grc' dir='ltr'>σθ’</span> <span class='ocrx_word' id='word_1_527' title='bbox 1097 4400 1149 4459; x_wconf 85' lang='lat' dir='ltr'>lat„</span> <span class='ocrx_word' id='word_1_528' title='bbox 1158 4397 1305 4459; x_wconf 74' lang='lat' dir='ltr'>Apolloniam</span> <span class='ocrx_word' id='word_1_529' title='bbox 1314 4397 1417 4447; x_wconf 79' lang='lat' dir='ltr'>collocat</span> <span class='ocrx_word' id='word_1_530' title='bbox 1428 4401 1468 4447; x_wconf 83' lang='lat' dir='ltr'>st·</span> <span class='ocrx_word' id='word_1_531' title='bbox 1483 4400 1516 4446; x_wconf 82' lang='lat' dir='ltr'>to&#39;</span> <span class='ocrx_word' id='word_1_532' title='bbox 1527 4396 1601 4458; x_wconf 74' lang='lat' dir='ltr'>long„</span> <span class='ocrx_word' id='word_1_533' title='bbox 1612 4399 1654 4445; x_wconf 77' lang='lat'>³6⁰</span> <span class='ocrx_word' id='word_1_534' title='bbox 1667 4396 1701 4445; x_wconf 88' lang='lat' dir='ltr'>to&#39;</span> <span class='ocrx_word' id='word_1_535' title='bbox 1712 4396 1755 4445; x_wconf 86' lang='lat' dir='ltr'>lat.</span> <span class='ocrx_word' id='word_1_536' title='bbox 1765 4398 1816 4456; x_wconf 85' lang='lat' dir='ltr'>(sie</span> 
     </span>
     <span class='ocr_line' id='line_1_43' title="bbox 201 4468 1820 4541; baseline -0.007 -13"><span class='ocrx_word' id='word_1_537' title='bbox 201 4480 272 4540; x_wconf 81' lang='lat' dir='ltr'>graeci</span> <span class='ocrx_word' id='word_1_538' title='bbox 280 4474 798 4541; x_wconf 78' lang='lat' dir='ltr'>codd.;Wilbergeselatinisdedit81030&#39;,</span> <span class='ocrx_word' id='word_1_539' title='bbox 810 4480 852 4525; x_wconf 75' lang='lat' dir='ltr'>ite·</span> <span class='ocrx_word' id='word_1_540' title='bbox 863 4472 997 4529; x_wconf 76' lang='lat' dir='ltr'>30&#39;.oeecin</span> <span class='ocrx_word' id='word_1_541' title='bbox 1007 4483 1055 4533; x_wconf 87' lang='lat' dir='ltr'>qua</span> <span class='ocrx_word' id='word_1_542' title='bbox 1065 4470 1095 4519; x_wconf 88' lang='lat' dir='ltr'>de</span> <span class='ocrx_word' id='word_1_543' title='bbox 1108 4484 1178 4518; x_wconf 86' lang='lat' dir='ltr'>causa</span> <span class='ocrx_word' id='word_1_544' title='bbox 1187 4472 1204 4530; x_wconf 76' lang='lat' dir='ltr'>t.</span> <span class='ocrx_word' id='word_1_545' title='bbox 1218 4472 1283 4519; x_wconf 89' lang='lat' dir='ltr'>situs</span> <span class='ocrx_word' id='word_1_546' title='bbox 1291 4468 1356 4518; x_wconf 89' lang='lat' dir='ltr'>urbis</span> <span class='ocrx_word' id='word_1_547' title='bbox 1366 4469 1486 4517; x_wconf 86' lang='lat' dir='ltr'>incertior.</span> <span class='ocrx_word' id='word_1_548' title='bbox 1497 4471 1561 4517; x_wconf 85' lang='lat' dir='ltr'>inter</span> <span class='ocrx_word' id='word_1_549' title='bbox 1570 4468 1647 4517; x_wconf 82' lang='lat' dir='ltr'>varies</span> <span class='ocrx_word' id='word_1_550' title='bbox 1654 4468 1820 4529; x_wconf 80' lang='lat' dir='ltr'>conjecturas,</span> 
     </span>
     <span class='ocr_line' id='line_1_44' title="bbox 202 4538 1819 4612; baseline -0.005 -15"><span class='ocrx_word' id='word_1_551' title='bbox 202 4562 263 4611; x_wconf 77' lang='lat' dir='ltr'>quas</span> <span class='ocrx_word' id='word_1_552' title='bbox 274 4550 380 4609; x_wconf 69' lang='lat' dir='ltr'>littteras</span> <span class='ocrx_word' id='word_1_553' title='bbox 391 4551 490 4612; x_wconf 82' lang='lat' dir='ltr'>proteri,</span> <span class='ocrx_word' id='word_1_554' title='bbox 502 4545 677 4596; x_wconf 80' lang='lat' dir='ltr'>verisimillima</span> <span class='ocrx_word' id='word_1_555' title='bbox 686 4549 722 4594; x_wconf 84' lang='lat' dir='ltr'>est</span> <span class='ocrx_word' id='word_1_556' title='bbox 733 4544 773 4593; x_wconf 85' lang='lat' dir='ltr'>illa</span> <span class='ocrx_word' id='word_1_557' title='bbox 786 4546 838 4605; x_wconf 81' lang='lat' dir='ltr'>(tx,</span> <span class='ocrx_word' id='word_1_558' title='bbox 850 4557 874 4606; x_wconf 90' lang='lat' dir='ltr'>p.</span> <span class='ocrx_word' id='word_1_559' title='bbox 887 4542 957 4604; x_wconf 76' lang='lat'>513),</span> <span class='ocrx_word' id='word_1_560' title='bbox 971 4555 999 4591; x_wconf 81' lang='lat' dir='ltr'>ex</span> <span class='ocrx_word' id='word_1_561' title='bbox 1015 4554 1062 4603; x_wconf 87' lang='lat' dir='ltr'>qua</span> <span class='ocrx_word' id='word_1_562' title='bbox 1072 4541 1196 4603; x_wconf 78' lang='lat' dir='ltr'>Apollonia</span> <span class='ocrx_word' id='word_1_563' title='bbox 1209 4539 1285 4600; x_wconf 78' lang='lat' dir='ltr'>qrrmri</span> <span class='ocrx_word' id='word_1_564' title='bbox 1296 4539 1369 4588; x_wconf 87' lang='lat' dir='ltr'>debet</span> <span class='ocrx_word' id='word_1_565' title='bbox 1382 4538 1406 4586; x_wconf 90' lang='lat' dir='ltr'>in</span> <span class='ocrx_word' id='word_1_566' title='bbox 1423 4538 1545 4587; x_wconf 86' lang='lat' dir='ltr'>ruinarum</span> <span class='ocrx_word' id='word_1_567' title='bbox 1558 4538 1658 4598; x_wconf 75' lang='lat' dir='ltr'>tumulis</span> <span class='ocrx_word' id='word_1_568' title='bbox 1670 4549 1743 4600; x_wconf 87' lang='lat' dir='ltr'>prope</span> <span class='ocrx_word' id='word_1_569' title='bbox 1757 4539 1819 4589; x_wconf 87' lang='lat' dir='ltr'>hod.</span> 
     </span>
     <span class='ocr_line' id='line_1_45' title="bbox 203 4607 1821 4680; baseline -0.011 -10"><span class='ocrx_word' id='word_1_570' title='bbox 203 4622 278 4680; x_wconf 79' lang='lat' dir='ltr'>licre</span> <span class='ocrx_word' id='word_1_571' title='bbox 301 4623 371 4678; x_wconf 73' lang='lat' dir='ltr'>repe.</span> <span class='ocrx_word' id='word_1_572' title='bbox 392 4624 469 4669; x_wconf 81' lang='lat' dir='ltr'>Locus</span> <span class='ocrx_word' id='word_1_573' title='bbox 486 4618 525 4667; x_wconf 87' lang='lat' dir='ltr'>hic</span> <span class='ocrx_word' id='word_1_574' title='bbox 536 4616 630 4679; x_wconf 78' lang='lat' dir='ltr'>adiacet</span> <span class='ocrx_word' id='word_1_575' title='bbox 649 4616 804 4677; x_wconf 66' lang='lat' dir='ltr'>Norint-Se)</span> <span class='ocrx_word' id='word_1_576' title='bbox 820 4614 904 4673; x_wconf 84' lang='lat' dir='ltr'>durio,</span> <span class='ocrx_word' id='word_1_577' title='bbox 923 4618 949 4663; x_wconf 92' lang='lat' dir='ltr'>et</span> <span class='ocrx_word' id='word_1_578' title='bbox 960 4612 1044 4673; x_wconf 88' lang='lat' dir='ltr'>canali,</span> <span class='ocrx_word' id='word_1_579' title='bbox 1056 4624 1113 4675; x_wconf 77' lang='lat' dir='ltr'>quae</span> <span class='ocrx_word' id='word_1_580' title='bbox 1124 4623 1154 4659; x_wconf 83' lang='lat' dir='ltr'>ex</span> <span class='ocrx_word' id='word_1_581' title='bbox 1175 4610 1265 4671; x_wconf 81' lang='lat' dir='ltr'>Djiole</span> <span class='ocrx_word' id='word_1_582' title='bbox 1279 4608 1303 4658; x_wconf 90' lang='lat' dir='ltr'>ll.</span> <span class='ocrx_word' id='word_1_583' title='bbox 1323 4609 1348 4657; x_wconf 90' lang='lat' dir='ltr'>in</span> <span class='ocrx_word' id='word_1_584' title='bbox 1359 4611 1444 4658; x_wconf 81' lang='lat' dir='ltr'>Narin</span> <span class='ocrx_word' id='word_1_585' title='bbox 1456 4610 1514 4657; x_wconf 81' lang='lat' dir='ltr'>exit.</span> <span class='ocrx_word' id='word_1_586' title='bbox 1530 4607 1623 4658; x_wconf 82' lang='lat' dir='ltr'>Positus</span> <span class='ocrx_word' id='word_1_587' title='bbox 1638 4612 1674 4655; x_wconf 80' lang='lat' dir='ltr'>est</span> <span class='ocrx_word' id='word_1_588' title='bbox 1687 4607 1712 4654; x_wconf 87' lang='lat' dir='ltr'>in</span> <span class='ocrx_word' id='word_1_589' title='bbox 1728 4620 1821 4669; x_wconf 85' lang='lat' dir='ltr'>mappa</span> 
     </span>
     <span class='ocr_line' id='line_1_46' title="bbox 202 4676 1821 4750; baseline -0.009 -11"><span class='ocrx_word' id='word_1_590' title='bbox 202 4689 332 4750; x_wconf 71' lang='lat' dir='ltr'>certatim</span> <span class='ocrx_word' id='word_1_591' title='bbox 347 4690 356 4750; x_wconf 90' lang='lat'>(</span> <span class='ocrx_word' id='word_1_592' title='bbox 370 4691 560 4738; x_wconf 74' lang='lat' dir='ltr'>west-Persica</span> <span class='ocrx_word' id='word_1_593' title='bbox 579 4687 719 4745; x_wconf 74' lang='lat' dir='ltr'>decrerim</span> <span class='ocrx_word' id='word_1_594' title='bbox 736 4698 786 4735; x_wconf 85' lang='lat' dir='ltr'>een</span> <span class='ocrx_word' id='word_1_595' title='bbox 798 4687 913 4746; x_wconf 78' lang='lat' dir='ltr'>lliepert.</span> <span class='ocrx_word' id='word_1_596' title='bbox 926 4684 1018 4733; x_wconf 84' lang='lat' dir='ltr'>Berlin</span> <span class='ocrx_word' id='word_1_597' title='bbox 1039 4686 1097 4731; x_wconf 78' lang='lat' dir='ltr'>tusa</span> <span class='ocrx_word' id='word_1_598' title='bbox 1108 4682 1117 4743; x_wconf 86' lang='grc'>)</span> <span class='ocrx_word' id='word_1_599' title='bbox 1129 4682 1154 4739; x_wconf 83' lang='lat' dir='ltr'>in</span> <span class='ocrx_word' id='word_1_600' title='bbox 1172 4680 1255 4729; x_wconf 89' lang='lat' dir='ltr'>eodem</span> <span class='ocrx_word' id='word_1_601' title='bbox 1278 4678 1431 4740; x_wconf 83' lang='lat' dir='ltr'>longitudinis</span> <span class='ocrx_word' id='word_1_602' title='bbox 1450 4679 1524 4740; x_wconf 83' lang='lat' dir='ltr'>gradu</span> <span class='ocrx_word' id='word_1_603' title='bbox 1545 4679 1569 4726; x_wconf 90' lang='lat' dir='ltr'>in</span> <span class='ocrx_word' id='word_1_604' title='bbox 1585 4690 1633 4740; x_wconf 86' lang='lat' dir='ltr'>quo</span> <span class='ocrx_word' id='word_1_605' title='bbox 1648 4676 1777 4731; x_wconf 68' lang='lat' dir='ltr'>Hemeseh</span> <span class='ocrx_word' id='word_1_606' title='bbox 1793 4680 1821 4727; x_wconf 89' lang='lat' dir='ltr'>et</span> 
     </span>
     <span class='ocr_line' id='line_1_47' title="bbox 203 4748 1820 4820; baseline -0.009 -9"><span class='ocrx_word' id='word_1_607' title='bbox 203 4760 261 4811; x_wconf 85' lang='lat' dir='ltr'>Deli</span> <span class='ocrx_word' id='word_1_608' title='bbox 272 4756 366 4819; x_wconf 59' lang='lat' dir='ltr'>hbes,</span> <span class='ocrx_word' id='word_1_609' title='bbox 379 4771 394 4806; x_wconf 92' lang='lat' dir='ltr'>a</span> <span class='ocrx_word' id='word_1_610' title='bbox 407 4760 494 4820; x_wconf 84' lang='lat' dir='ltr'>quibus</span> <span class='ocrx_word' id='word_1_611' title='bbox 507 4759 604 4808; x_wconf 83' lang='lat' dir='ltr'>boream</span> <span class='ocrx_word' id='word_1_612' title='bbox 619 4769 703 4806; x_wconf 83' lang='lat' dir='ltr'>versus</span> <span class='ocrx_word' id='word_1_613' title='bbox 720 4755 792 4803; x_wconf 89' lang='lat' dir='ltr'>distat</span> <span class='ocrx_word' id='word_1_614' title='bbox 803 4752 851 4804; x_wconf 78' lang='lat'>25¹:</span> <span class='ocrx_word' id='word_1_615' title='bbox 864 4754 925 4803; x_wconf 90' lang='lat' dir='ltr'>adeo</span> <span class='ocrx_word' id='word_1_616' title='bbox 942 4755 971 4803; x_wconf 92' lang='lat' dir='ltr'>ut</span> <span class='ocrx_word' id='word_1_617' title='bbox 989 4752 1143 4813; x_wconf 85' lang='lat' dir='ltr'>longitudinis</span> <span class='ocrx_word' id='word_1_618' title='bbox 1155 4754 1213 4801; x_wconf 89' lang='lat' dir='ltr'>nola</span> <span class='ocrx_word' id='word_1_619' title='bbox 1223 4750 1286 4812; x_wconf 88' lang='lat' dir='ltr'>apud</span> <span class='ocrx_word' id='word_1_620' title='bbox 1307 4751 1462 4799; x_wconf 68' lang='lat' dir='ltr'>Ptolemaeum</span> <span class='ocrx_word' id='word_1_621' title='bbox 1483 4750 1508 4797; x_wconf 91' lang='lat' dir='ltr'>in</span> <span class='ocrx_word' id='word_1_622' title='bbox 1521 4749 1616 4809; x_wconf 79' lang='lat' dir='ltr'>vulgata</span> <span class='ocrx_word' id='word_1_623' title='bbox 1627 4748 1685 4797; x_wconf 87' lang='lat' dir='ltr'>satis</span> <span class='ocrx_word' id='word_1_624' title='bbox 1695 4750 1760 4796; x_wconf 86' lang='lat' dir='ltr'>recte</span> <span class='ocrx_word' id='word_1_625' title='bbox 1772 4748 1820 4796; x_wconf 82' lang='lat' dir='ltr'>lia·</span> 
     </span>
     <span class='ocr_line' id='line_1_48' title="bbox 201 4820 1820 4892; baseline -0.007 -13"><span class='ocrx_word' id='word_1_626' title='bbox 201 4832 265 4892; x_wconf 85' lang='lat' dir='ltr'>beat,</span> <span class='ocrx_word' id='word_1_627' title='bbox 276 4828 429 4888; x_wconf 85' lang='lat' dir='ltr'>latitudinem</span> <span class='ocrx_word' id='word_1_628' title='bbox 442 4841 500 4877; x_wconf 85' lang='lat' dir='ltr'>rere</span> <span class='ocrx_word' id='word_1_629' title='bbox 515 4829 540 4877; x_wconf 90' lang='lat' dir='ltr'>in</span> <span class='ocrx_word' id='word_1_630' title='bbox 554 4828 633 4877; x_wconf 86' lang='lat' dir='ltr'>latinia</span> <span class='ocrx_word' id='word_1_631' title='bbox 644 4825 715 4875; x_wconf 85' lang='lat' dir='ltr'>codd.</span> <span class='ocrx_word' id='word_1_632' title='bbox 728 4824 758 4874; x_wconf 86' lang='lat' dir='ltr'>ad</span> <span class='ocrx_word' id='word_1_633' title='bbox 773 4836 858 4872; x_wconf 85' lang='lat' dir='ltr'>rerum</span> <span class='ocrx_word' id='word_1_634' title='bbox 871 4824 970 4886; x_wconf 89' lang='lat' dir='ltr'>propius</span> <span class='ocrx_word' id='word_1_635' title='bbox 987 4822 1100 4874; x_wconf 83' lang='lat' dir='ltr'>accedere</span> <span class='ocrx_word' id='word_1_636' title='bbox 1113 4824 1211 4875; x_wconf 81' lang='lat' dir='ltr'>dixeris.</span> <span class='ocrx_word' id='word_1_637' title='bbox 1226 4822 1345 4872; x_wconf 83' lang='lat' dir='ltr'>Montium</span> <span class='ocrx_word' id='word_1_638' title='bbox 1360 4822 1455 4883; x_wconf 83' lang='lat' dir='ltr'>jugum,</span> <span class='ocrx_word' id='word_1_639' title='bbox 1467 4820 1532 4883; x_wconf 87' lang='lat' dir='ltr'>quod</span> <span class='ocrx_word' id='word_1_640' title='bbox 1546 4822 1615 4881; x_wconf 78' lang='lat' dir='ltr'>juxta</span> <span class='ocrx_word' id='word_1_641' title='bbox 1635 4822 1709 4869; x_wconf 82' lang='lat' dir='ltr'>Korn</span> <span class='ocrx_word' id='word_1_642' title='bbox 1725 4822 1790 4881; x_wconf 82' lang='lat' dir='ltr'>Tepe</span> <span class='ocrx_word' id='word_1_643' title='bbox 1804 4834 1820 4867; x_wconf 91' lang='lat' dir='ltr'>a</span> 
     </span>
     <span class='ocr_line' id='line_1_49' title="bbox 201 4889 1819 4961; baseline -0.009 -8"><span class='ocrx_word' id='word_1_644' title='bbox 201 4893 287 4953; x_wconf 82' lang='lat' dir='ltr'>Narin</span> <span class='ocrx_word' id='word_1_645' title='bbox 302 4899 376 4949; x_wconf 87' lang='lat' dir='ltr'>llurio</span> <span class='ocrx_word' id='word_1_646' title='bbox 382 4900 412 4946; x_wconf 93' lang='lat' dir='ltr'>ad</span> <span class='ocrx_word' id='word_1_647' title='bbox 422 4899 503 4960; x_wconf 82' lang='lat' dir='ltr'>Tigrin</span> <span class='ocrx_word' id='word_1_648' title='bbox 514 4898 650 4961; x_wconf 85' lang='lat' dir='ltr'>porrigitur,</span> <span class='ocrx_word' id='word_1_649' title='bbox 661 4901 763 4947; x_wconf 83' lang='lat' dir='ltr'>vocatur</span> <span class='ocrx_word' id='word_1_650' title='bbox 776 4895 864 4957; x_wconf 73' lang='lat' dir='ltr'>vietel</span> <span class='ocrx_word' id='word_1_651' title='bbox 874 4897 997 4957; x_wconf 80' lang='lat' dir='ltr'>Hemrin,</span> <span class='ocrx_word' id='word_1_652' title='bbox 1013 4894 1125 4956; x_wconf 82' lang='lat' dir='ltr'>idemque</span> <span class='ocrx_word' id='word_1_653' title='bbox 1138 4894 1251 4956; x_wconf 87' lang='lat' dir='ltr'>estquod</span> <span class='ocrx_word' id='word_1_654' title='bbox 1264 4893 1371 4958; x_wconf 79' lang='grc' dir='ltr'>Ὀρεικον</span> <span class='ocrx_word' id='word_1_655' title='bbox 1383 4892 1435 4953; x_wconf 71' lang='grc' dir='ltr'>ἄρος</span> <span class='ocrx_word' id='word_1_656' title='bbox 1447 4890 1506 4940; x_wconf 88' lang='lat' dir='ltr'>dicit</span> <span class='ocrx_word' id='word_1_657' title='bbox 1516 4890 1631 4954; x_wconf 78' lang='lat' dir='ltr'>Polybius</span> <span class='ocrx_word' id='word_1_658' title='bbox 1643 4893 1675 4949; x_wconf 90' lang='lat' dir='ltr'>v,</span> <span class='ocrx_word' id='word_1_659' title='bbox 1687 4896 1726 4949; x_wconf 79' lang='lat' dir='ltr'>at,</span> <span class='ocrx_word' id='word_1_660' title='bbox 1737 4895 1760 4946; x_wconf 83' lang='lat' dir='ltr'>s,</span> <span class='ocrx_word' id='word_1_661' title='bbox 1773 4889 1819 4939; x_wconf 87' lang='lat' dir='ltr'>uhi</span> 
     </span>
     <span class='ocr_line' id='line_1_50' title="bbox 202 4958 1819 5028; baseline -0.006 -11"><span class='ocrx_word' id='word_1_662' title='bbox 202 4971 322 5019; x_wconf 75' lang='lat' dir='ltr'>Molonem</span> <span class='ocrx_word' id='word_1_663' title='bbox 334 4981 349 5017; x_wconf 88' lang='lat' dir='ltr'>a</span> <span class='ocrx_word' id='word_1_664' title='bbox 362 4968 432 5017; x_wconf 84' lang='lat' dir='ltr'>Duris</span> <span class='ocrx_word' id='word_1_665' title='bbox 441 4972 466 5016; x_wconf 89' lang='lat' dir='ltr'>et</span> <span class='ocrx_word' id='word_1_666' title='bbox 480 4967 574 5027; x_wconf 78' lang='lat' dir='ltr'>&#39;tigride</span> <span class='ocrx_word' id='word_1_667' title='bbox 591 4967 684 5016; x_wconf 87' lang='lat' dir='ltr'>octaris</span> <span class='ocrx_word' id='word_1_668' title='bbox 695 4966 780 5015; x_wconf 84' lang='lat' dir='ltr'>eastris</span> <span class='ocrx_word' id='word_1_669' title='bbox 790 4967 903 5027; x_wconf 82' lang='lat' dir='ltr'>superato</span> <span class='ocrx_word' id='word_1_670' title='bbox 915 4963 987 5014; x_wconf 89' lang='lat' dir='ltr'>orico</span> <span class='ocrx_word' id='word_1_671' title='bbox 1002 4966 1084 5013; x_wconf 88' lang='lat' dir='ltr'>moute</span> <span class='ocrx_word' id='word_1_672' title='bbox 1093 4966 1242 5028; x_wconf 78' lang='lat' dir='ltr'>Apolloniam</span> <span class='ocrx_word' id='word_1_673' title='bbox 1254 4966 1349 5013; x_wconf 85' lang='lat' dir='ltr'>venisse</span> <span class='ocrx_word' id='word_1_674' title='bbox 1361 4962 1442 5013; x_wconf 89' lang='lat' dir='ltr'>tradit.</span> <span class='ocrx_word' id='word_1_675' title='bbox 1458 4992 1488 5004; x_wconf 90' lang='lat'>-</span> <span class='ocrx_word' id='word_1_676' title='bbox 1501 4966 1556 5024; x_wconf 75' lang='lat' dir='ltr'>Peg.</span> <span class='ocrx_word' id='word_1_677' title='bbox 1571 4966 1617 5011; x_wconf 80' lang='lat' dir='ltr'>atti</span> <span class='ocrx_word' id='word_1_678' title='bbox 1627 4961 1669 5011; x_wconf 91' lang='lat' dir='ltr'>lio.</span> <span class='ocrx_word' id='word_1_679' title='bbox 1683 4960 1727 5008; x_wconf 87' lang='lat' dir='ltr'>ult.</span> <span class='ocrx_word' id='word_1_680' title='bbox 1738 4958 1819 5008; x_wconf 86' lang='lat' dir='ltr'>deleri</span> 
     </span>
     <span class='ocr_line' id='line_1_51' title="bbox 202 5036 786 5101; baseline -0.002 -15"><span class='ocrx_word' id='word_1_681' title='bbox 202 5038 274 5087; x_wconf 86' lang='lat' dir='ltr'>relim</span> <span class='ocrx_word' id='word_1_682' title='bbox 287 5037 373 5089; x_wconf 82' lang='lat' dir='ltr'>rerba:</span> <span class='ocrx_word' id='word_1_683' title='bbox 383 5036 534 5101; x_wconf 68' lang='lat' dir='ltr'>quesierit</span> <span class='ocrx_word' id='word_1_684' title='bbox 542 5040 630 5097; x_wconf 82' lang='lat' dir='ltr'>potius</span> <span class='ocrx_word' id='word_1_685' title='bbox 641 5037 786 5099; x_wconf 75' lang='lat' dir='ltr'>aporema.</span> 
     </span>
    </p>

    <p class='ocr_par' dir='ltr' id='par_1_6' title="bbox 203 5100 1818 5239">
     <span class='ocr_line' id='line_1_52' title="bbox 233 5100 1818 5171; baseline -0.006 -14"><span class='ocrx_word' id='word_1_686' title='bbox 233 5109 280 5171; x_wconf 77' lang='lat'>(¹‘)</span> <span class='ocrx_word' id='word_1_687' title='bbox 294 5107 355 5157; x_wconf 80' lang='lat' dir='ltr'>cod.</span> <span class='ocrx_word' id='word_1_688' title='bbox 370 5108 443 5157; x_wconf 84' lang='lat' dir='ltr'>rerba</span> <span class='ocrx_word' id='word_1_689' title='bbox 457 5109 473 5163; x_wconf 79' lang='grc' dir='ltr'><strong>ἡ</strong></span> <span class='ocrx_word' id='word_1_690' title='bbox 486 5106 554 5169; x_wconf 75' lang='grc' dir='ltr'>χώρα</span> <span class='ocrx_word' id='word_1_691' title='bbox 568 5106 672 5169; x_wconf 70' lang='lat' dir='ltr'>hipra,</span> <span class='ocrx_word' id='word_1_692' title='bbox 684 5106 734 5167; x_wconf 67' lang='lat' dir='ltr'>tvi</span> <span class='ocrx_word' id='word_1_693' title='bbox 750 5110 831 5169; x_wconf 77' lang='grc' dir='ltr'>κῶμαι</span> <span class='ocrx_word' id='word_1_694' title='bbox 845 5103 874 5164; x_wconf 81' lang='grc' dir='ltr'>ε’,</span> <span class='ocrx_word' id='word_1_695' title='bbox 888 5106 913 5154; x_wconf 79' lang='grc' dir='ltr'>ἐν</span> <span class='ocrx_word' id='word_1_696' title='bbox 922 5104 959 5161; x_wconf 73' lang='grc' dir='ltr'>αῖς</span> <span class='ocrx_word' id='word_1_697' title='bbox 971 5104 1072 5169; x_wconf 74' lang='grc' dir='ltr'>σταθμός</span> <span class='ocrx_word' id='word_1_698' title='bbox 1085 5103 1118 5165; x_wconf 89' lang='lat' dir='ltr'>(l.</span> <span class='ocrx_word' id='word_1_699' title='bbox 1133 5104 1233 5168; x_wconf 78' lang='grc' dir='ltr'>σταθμοί</span> <span class='ocrx_word' id='word_1_700' title='bbox 1244 5104 1267 5165; x_wconf 76' lang='lat' dir='ltr'>t,</span> <span class='ocrx_word' id='word_1_701' title='bbox 1280 5104 1312 5155; x_wconf 89' lang='lat' dir='ltr'>ita</span> <span class='ocrx_word' id='word_1_702' title='bbox 1326 5104 1514 5167; x_wconf 71' lang='lat' dir='ltr'>intelligentta</span> <span class='ocrx_word' id='word_1_703' title='bbox 1531 5100 1672 5165; x_wconf 74' lang='lat' dir='ltr'>ireleratur</span> <span class='ocrx_word' id='word_1_704' title='bbox 1683 5101 1712 5150; x_wconf 88' lang='lat' dir='ltr'>ad</span> <span class='ocrx_word' id='word_1_705' title='bbox 1722 5112 1818 5163; x_wconf 84' lang='lat' dir='ltr'>pracce-</span> 
     </span>
     <span class='ocr_line' id='line_1_53' title="bbox 203 5174 1261 5239; baseline -0.002 -14"><span class='ocrx_word' id='word_1_706' title='bbox 203 5178 261 5226; x_wconf 84' lang='lat' dir='ltr'>dens</span> <span class='ocrx_word' id='word_1_707' title='bbox 272 5180 287 5235; x_wconf 73' lang='lat' dir='ltr'>t</span> <span class='ocrx_word' id='word_1_708' title='bbox 298 5177 385 5234; x_wconf 70' lang='grc' dir='ltr'>Μηδία.</span> <span class='ocrx_word' id='word_1_709' title='bbox 396 5174 466 5237; x_wconf 85' lang='lat' dir='ltr'>Quod</span> <span class='ocrx_word' id='word_1_710' title='bbox 479 5176 503 5224; x_wconf 88' lang='lat' dir='ltr'>iu</span> <span class='ocrx_word' id='word_1_711' title='bbox 514 5174 615 5225; x_wconf 83' lang='lat' dir='ltr'>barbara</span> <span class='ocrx_word' id='word_1_712' title='bbox 631 5180 798 5239; x_wconf 77' lang='lat' dir='ltr'>excerptorum</span> <span class='ocrx_word' id='word_1_713' title='bbox 810 5177 931 5239; x_wconf 74' lang='lat' dir='ltr'>graecitate</span> <span class='ocrx_word' id='word_1_714' title='bbox 945 5176 1004 5226; x_wconf 83' lang='lat' dir='ltr'>nihil</span> <span class='ocrx_word' id='word_1_715' title='bbox 1018 5176 1090 5226; x_wconf 89' lang='lat' dir='ltr'>habet</span> <span class='ocrx_word' id='word_1_716' title='bbox 1104 5188 1148 5224; x_wconf 90' lang='lat' dir='ltr'>cur</span> <span class='ocrx_word' id='word_1_717' title='bbox 1160 5176 1261 5225; x_wconf 79' lang='lat' dir='ltr'>iniretis.</span> 
     </span>
    </p>
   </div>
   <div class='ocr_carea' id='block_1_5' title="bbox 0 0 1892 5750">
    <p class='ocr_par' dir='ltr' id='par_1_7' title="bbox 0 0 1892 5750">
     <span class='ocr_line' id='line_1_54' title="bbox 0 0 1892 5750; baseline 0 3"><span class='ocrx_word' id='word_1_718' title='bbox 0 0 1892 5750; x_wconf 95' lang='lat' dir='ltr'> </span> 
     </span>
    </p>
   </div>
  </div>
 </body>
</html>
