3775 5750
103 350 209 426 μεσπι
237 312 241 319 ’
706 354 756 415 nu
777 356 875 417 ιιιιιι
899 358 1130 419 enrruuno.
1667 378 1719 429 in

5 482 200 553 1Ἰιο1.λτ’,λαις
210 480 383 547 συνάπτοντες
395 472 450 539 εἶτα
459 486 574 561 χρῶνται
585 483 754 561 σκηνώμασι.
798 485 855 556 Τὴν
866 486 893 543 δέ
936 496 1049 564 dcgunt3
1073 499 1116 550 ulii
1137 500 1245 551 vertices
1260 500 1386 552 olirnrurn
1400 503 1468 554 intcr
1482 522 1509 555 sc
1527 522 1659 559 conuictos
1673 512 1747 579 pro]

100 570 233 640 τοιαύτην
245 570 336 627 ἐλαίαν
352 570 453 649 καρπὸν
468 570 553 651 φέρειν
568 572 632 650 ρησλ
652 576 823 653 κασταναϊκῷ
844 598 892 631 κα·
936 584 1076 638 domiciliis
1096 598 1232 656 usurpent.
1270 587 1301 639 Id
1316 598 1403 641 autem
1423 608 1504 659 genus
1518 592 1592 645 olivae
1607 594 1722 649 fructum

100 657 160 738 ρύῳ
176 662 358 737 προσεμφερῆ.
935 671 991 724 edit
1003 672 1064 723 nuci
1078 681 1202 725 castaneae
1215 674 1383 743 persimilem.

144 765 185 804 ιι.
207 745 247 807 Τό
256 744 284 803 δὲ
292 743 416 825 τέταρτον
425 747 477 803 τῶν
490 744 667 827 Ἰχθυορόγων
677 745 747 823 γένος
758 746 806 819 τὴν
819 746 893 818 οίκη-
972 765 1015 823 44.
1036 764 1137 829 Quarta
1157 778 1220 830 gens
1242 761 1471 834 ichthyophegtim
1489 766 1566 819 talem
1586 767 1721 821 babitandi
1748 786 1751 792 ’

73 854 147 891 now
172 830 383 911 {pernotatione
428 833 512 911 livien
542 835 634 913 φόρτος
657 833 767 901 ἄπλετος
795 839 825 894 ἐκ
846 842 892 895 τού
935 846 1153 901 consuetudinem
1173 848 1260 901 habet.
1298 853 1447 905 Immensns
1461 857 1542 907 musci
1565 856 1659 908 marini
1675 874 1721 910 cu-

101 920 204 985 παντδς
226 922 332 995 αἰῶνος,
354 919 408 997 όρει
429 920 629 999 παραπλήσιος,
650 919 827 1003 σεσώρευται,
849 924 892 983 καλ
936 936 1023 987 mulus
1036 954 1068 987 ex
1082 936 1155 987 omni
1171 954 1227 988 aero
1245 948 1383 1005 congestus
1398 950 1448 1004 est,
1464 941 1546 993 instar
1560 944 1668 1007 montis,
1686 944 1720 995 is·

102 1014 159 1071 πᾶς
173 997 247 1073 οὗτος
257 1006 309 1065 ύπδ
321 1012 367 1065 τοῦ
382 1006 593 1087 προσόοίλλοντος
614 1008 656 1068 ἀεί
675 1008 791 1084 κύματος
807 1013 892 1082 σκλη·
935 1038 987 1091 que
1000 1031 1071 1073 totus
1081 1039 1097 1074 ε
1108 1020 1191 1073 linctu
1199 1032 1328 1093 perpetuo
1341 1023 1453 1077 alluente
1464 1026 1649 1092 condensatur,
1663 1038 1693 1080 ut
1705 1048 1721 1081 α

104 1096 158 1171 ρῶς
170 1092 440 1169 πεπιλημένος,ώστε
451 1099 589 1174 ὁμογενοῦς
599 1095 677 1172 όγκου
690 1098 735 1156 καὶ
743 1096 806 1174 μίαν
816 1098 893 1178 φύσιν
936 1110 1005 1162 mole
1021 1110 1107 1179 aliqua
1123 1111 1226 1179 generis
1244 1120 1271 1163 et
1288 1123 1388 1165 naturae
1405 1114 1494 1178 unius,
1510 1127 1619 1187 propter
1635 1135 1721 1169 nrerire

104 1180 211 1258 ἔχοντος
225 1180 268 1241 oct
279 1180 327 1251 τὴν
343 1180 411 1258 μίξιν
425 1182 470 1240 καὶ
482 1182 638 1258 συμπλοκὴν
653 1187 698 1255 τῆς
708 1183 799 1261 ἄμμου
812 1185 893 1260 μηδὲν
935 1196 1126 1248 edm'xtiouem
1140 1206 1167 1249 et
1180 1198 1394 1262 concretionem,
1415 1199 1480 1252 nihil
1498 1201 1613 1255 diliernt.
1650 1204 1721 1257 Hinc

63 1287 89 1324 ιυ
107 1269 313 1345 παραλλάσσειν.
357 1260 425 1329 Εἶτα
448 1270 593 1345 ὑπονόμους
612 1274 699 1338 αύτοῖς
722 1272 894 1351 ἀνδρομήκεις
934 1282 1274 1337 cuniculisadnltitudinem
1284 1285 1487 1355 virinctis,quae
1496 1289 1523 1339 in
1535 1288 1637 1359 fastigio
1647 1303 1718 1357 sunt,

102 1356 259 1433 ὀρύττουσι,
273 1356 317 1415 τδν
337 1356 384 1431 μέν
399 1356 468 1415 κατὰ
483 1357 599 1438 κορυρὴν
617 1357 694 1435 όγκον
711 1360 803 1425 ἐῶντες
819 1361 893 1437 ώχυ-
936 1368 1104 1421 indurescere
1123 1380 1150 1421 et
1170 1371 1232 1421 tecti
1250 1386 1329 1421 usum
1351 1371 1467 1440 prebere
1487 1373 1587 1439 sinunt,
1612 1386 1721 1447 propter

104 1446 207 1520 ρῶσθαι
218 1444 264 1503 καί
278 1444 378 1523 στέγειν
394 1444 436 1502 διά
448 1449 495 1516 τῆς
507 1445 645 1523 είρημένης
660 1445 810 1519 συνδέσεως,
824 1449 854 1505 ἐκ
866 1444 893 1505 δέ
934 1472 1015 1523 quam
1030 1454 1086 1506 dixi
1099 1456 1308 1519 connexionem
1321 1455 1367 1508 sed
1380 1458 1406 1507 in
1417 1468 1491 1527 purte
1502 1459 1619 1512 inferiori
1628 1461 1720 1515 oblon-

102 1536 151 1589 τοῦ
166 1531 282 1589 κάτωθεν
293 1533 403 1611 έδόρους
413 1532 581 1610 παραμήκεις
593 1535 710 1599 αὐλῶνας
722 1556 893 1591 κατασκευα-
934 1560 981 1610 gos
998 1541 1101 1595 ducunt
1128 1553 1229 1596 nicetus
1251 1543 1371 1614 undique
1392 1545 1460 1596 inter
1487 1564 1542 1598 sese
1563 1548 1718 1618 perforatos.

103 1617 225 1693 ζόμενοι,
243 1618 307 1698 πρὸς
321 1618 451 1689 ἀλλήλους
472 1620 598 1677 πάντοθεν
614 1619 845 1699 συντετρημένους,
866 1623 894 1679 ἐν
934 1630 966 1681 In
981 1628 1031 1691 iris,
1044 1628 1207 1699 aliquatenus
1228 1628 1261 1681 nd
1280 1630 1421 1701 penetralia
1440 1642 1518 1683 rento
1533 1635 1651 1703 exposite
1664 1635 1721 1687 luce

65 1726 89 1762 ιο
104 1697 142 1772 οἷς
163 1705 229 1772 τέως
254 1704 301 1782 μέν
321 1729 391 1773 τινος
413 1707 446 1765 εδ
464 1706 529 1786 πρδς
550 1706 595 1765 τὸν
619 1708 714 1783 ἀνεμον
736 1708 895 1787 φωτίσαντος
935 1712 1323 1785 admissa‚quietcmcnpiunt;
1337 1713 1542 1784 quandonntem
1552 1720 1631 1771 moris
1644 1720 1721 1771 inno·

104 1794 213 1869 ἄγουσιν
226 1794 353 1873 ἡσυχίαν,
365 1795 431 1851 έπάν
446 1794 473 1853 δέ
487 1795 643 1873 πλημμυρὶς
658 1794 769 1873 ἐπέλθῃ,
783 1796 817 1854 τά
831 1798 894 1876 πρὸς
935 1799 1007 1851 datio
1021 1802 1116 1865 oritur,
1138 1800 1272 1852 venationi
1290 1801 1413 1871 piscium,
1432 1818 1487 1871 quo
1500 1800 1616 1855 diximus
1629 1804 1719 1871 inodo,

103 1881 151 1953 τὴν
165 1880 249 1959 ἄγραν
263 1884 318 1958 (ὡς
331 1882 377 1939 καί
389 1881 560 1962 προείρηται]
577 1882 831 1963 παρασκευάζονται.
936 1888 1102 1941 incumbunt·
1135 1920 1139 1927 ·

143 1990 184 2031 ιο.
206 1967 275 2035 Tot<
298 1969 386 2045 μέντοι
409 1992 439 2047 γε
464 1972 641 2036 τελευτῶντας
662 1972 748 2029 αθτῶν
772 1973 894 2049 οὐδεμιᾶς
972 1978 1015 2039 45.
1035 1977 1178 2029 Morientcs
1196 1976 1268 2029 nullo
1286 1994 1349 2029 curn
1371 1977 1522 2045 dignentur,
1544 1995 1626 2047 quum
1648 1998 1721 2031 mens

105 2056 207 2123 ἀξιοῦσι
229 2056 363 2137 προνοίας,
383 2058 472 2128 ιίπαθῶΙ
487 2056 551 2137 πρὸς
565 2058 608 2117 τόν
630 2060 660 2115 ἐκ
674 2057 748 2130 δόξης
763 2057 833 2117 ἐλεον
852 2082 892 2117 κε-
938 2063 1041 2115 illorum
1054 2063 1234 2116 misericordia
1248 2065 1259 2131 (
1270 2081 1348 2133 qnam
1364 2064 1455 2133 opinio
1467 2065 1569 2135 gignit)
1589 2084 1642 2118 non
1663 2066 1720 2119 effi·

67 2162 92 2199 οο
105 2143 232 2221 κτημένοι
253 2143 301 2213 τὴν
324 2144 442 2221 γνώμην·
468 2144 574 2203 διὸκαὶ
597 2146 699 2204 κεῖσθαι
723 2146 892 2226 ἐρριμμένους
937 2150 1031 2203 cietur.
1068 2148 1133 2201 Ideo
1150 2146 1281 2219 projectos
1294 2148 1494 2218 jnceresinunt,
1507 2150 1593 2202 donec
1606 2153 1720 2222 recipro-

105 2236 198 2305 έῶσιν,
214 2231 262 2298 ἕως
282 2231 314 2289 ἂν
329 2232 450 2309 ἄμπωτις
473 2232 642 2311 ἐπιγενομένη
663 2233 762 2314 τρορὴν
783 2236 818 2301 εἷς
843 2234 891 2305 τὴν
936 2236 1092 2287 σοιίοεεοιυε
1103 2235 1234 2288 obortuin
1249 2252 1322 2289 mere
1339 2235 1411 2299 illos,
1426 2252 1512 2287 oeoem
1525 2236 1649 2306 piscibus,
1663 2237 1721 2291 abs·

106 2322 244 2379 θόλοισσαν
258 2318 356 2397 κομίσῃ
373 2318 477 2387 τούτους
489 2328 541 2388 τοῖς
557 2320 670 2399 ἰχθύσιν.
937 2323 1036 2376 tulerit.
1169 2390 1175 2401 .

144 2428 182 2467 ιε.
205 2402 269 2467 Ὅτι
292 2406 372 2486 φησίν
388 2406 462 2474 ἐνίοις
482 2410 534 2465 τῶν
556 2406 608 2466 tol
628 2411 675 2478 τῆς
694 2407 825 2479 θαλάττης
850 2432 889 2467 σι-
974 2414 1017 2472 46.
1037 2410 1162 2462 Nonnulli
1174 2410 1220 2480 qui
1233 2427 1267 2461 cx
1281 2409 1348 2461 meri
1364 2409 1492 2473 victitent,
1505 2409 1721 2463 cumeliisetiam

106 2495 239 2571 τουμένων
252 2494 320 2571 μετὰ
334 2497 386 2552 τῶν
400 2493 488 2552 ἀλλων
502 2494 547 2552 καί
566 2500 642 2554 τοῦτο
656 2495 726 2574 ἔχειν
739 2496 890 2575 παραδοξό-
933 2498 984 2549 Ιιοο
997 2498 1151 2551 insolentius
1163 2499 1270 2565 liabent,
1282 2511 1309 2553 et
1320 2497 1393 2570 quod
1408 2501 1435 2552 in
1455 2501 1563 2552 rationis
1574 2500 1653 2553 fidem
1666 2518 1720 2553 non

32 2662 165 2729 troiani<
179 2661 273 2729 τόπους
286 2664 420 2739 sauneri]
435 2662 540 2740 συνεχεῖ
552 2666 596 2719 τοῦ
608 2660 723 2737 κύματος
734 2661 894 2741 προσκλύσει
939 2672 989 2723 lem
1005 2671 1055 2723 ioci
1067 2683 1158 2724 testum
1173 2675 1299 2727 oontinun
1316 2674 1412 2726 fluctus
1427 2676 1521 2728 morini
1531 2675 1660 2729 allusione
1671 2678 1723 2728 mi·

108 2750 294 2831 διορθούμενοι,
311 2752 368 2816 ταῖς
382 2749 410 2809 δέ
424 2756 577 2830 περιπνοαῖς
587 2753 639 2807 τῶν
652 2750 779 2829 εύκαίρων
791 2750 893 2825 ἀνέμων
939 2759 1032 2825 tigant,
1044 2760 1254 2830 opportunisque
1267 2770 1408 2813 ventorum
1421 2762 1492 2814 auris
1503 2780 1614 2833 corpore
1625 2780 1671 2815 sua
1683 2780 1722 2814 re

108 2843 142 2907 εἷς
158 2838 294 2920 ῥᾳστώνην
310 2839 415 2915 ἄγοντες
428 2836 462 2896 τά
473 2836 597 2914 σώματα.
939 2856 1038 2900 (mni,

147 2949 183 2988 ιι.
197 2926 306 2998 Ῥητέον
331 2929 353 2985 δ’
368 2927 432 3002 ἡμῖν
454 2927 499 2984 καί
511 2925 571 3004 περί
585 2933 631 2986 τοῦ
654 2925 779 3006 τετάρτου
801 2926 894 3006 μέρους
975 2937 1019 2996 44.
1041 2936 1277 3004 Dequnrtoetiam
1292 2936 1520 2992 tubernaculonrrn
1540 2935 1722 2990 modocstdi·

107 3019 154 3086 τῆς
171 3013 334 3082 σκηνώσεως.
376 3013 427 3072 ’lix
447 3011 497 3092 γάρ
518 3019 563 3071 τοῦ
583 3014 678 3079 παντὸς
694 3017 787 3081 αἰῶνος
808 3012 894 3072 mlit-
938 3026 1063 3080 cendum.
1100 3029 1141 3080 Ex
1154 3029 1459 3098 omniaevoiugensillic
1474 3032 1556 3084 musci
1569 3031 1722 3095 mmiuivis,

70 3127 96 3162 eu
111 3125 200 3182 ρευται
217 3108 263 3160 τοῶ
281 3102 355 3178 μνίου
370 3100 462 3183 ρόμτθς
482 3101 611 3174 ἄπλατος,
633 3101 687 3183 ὄρει
709 3101 893 3181 πᾱρῑμφῑΡθΓ
939 3120 1021 3172 instar
1041 3122 1154 3185 montis,
1170 3121 1331 3174 accumulata
1350 3133 1399 3175 est.
1436 3124 1515 3175 Hunc
1532 3133 1658 3194 perpetuo
1673 3124 1722 3175 liu-

109 3184 184 3256 ⁰B³⁰⁴
198 3189 249 3248 ὑπὸ
262 3192 308 3260 τῆς
324 3197 448 3268 συνεχοῦς
461 3193 506 3246 τοῦ
520 3190 637 3266 κύματος
655 3193 759 3268 nimir<
778 3192 894 3261 πῑπῑλη·
938 3221 1029 3263 ctuum
1042 3211 1165 3282 impulsio
1178 3213 1214 3264 ite
1225 3213 1404 3283 conspissavit,
1420 3223 1451 3266 ut
1464 3224 1584 3266 naturum
1597 3214 1722 3282 rigidissi-

110 3278 187 3386 ξένος
196 3277 245 3348 *θ’
259 3275 336 3358 φύσιν
351 3275 405 3356 ἔλθέ
426 3275 576 3356 σῗῑθέέένῑθν
589 3277 636 3335 καί
656 3276 894 3355 συμπέπλῑίμένην
939 3323 1008 3356 mam
1023 3315 1124 3358 etcum
1138 3323 1216 3358 arena
1232 3323 1378 3358 connexum
1391 3305 1517 3360 induerit.
1553 3311 1585 3360 In
1603 3309 1644 3361 iris
1661 3329 1723 3377 crgo

109 3387 201 3445 αμμῳ·
221 3366 248 3422 ἐν
271 3363 369 3430 τούτοις
391 3355 436 3422 οθν
458 3372 514 3430 τοῖς
541 3363 725 3440 ἀναστήμασιν
750 3365 893 3440 ὑπονόμους

109 3451 283 3533 ἀνδρομήκεις
300 3451 461 3530 ὀρύττοντες,
473 3451 516 3510 τδν
537 3450 584 3528 μίν
603 3451 672 3510 κατδ
687 3452 801 3532 κορυρὴν
815 3452 894 3512 τόπον

71 3557 96 3594 ³5
109 3543 172 3600 ἐῶσι
187 3541 293 3616 στέγην,
307 3539 423 3598 κάτωθεν
434 3539 456 3598 δ’
466 3541 586 3605 αὐλῶνας
597 3539 763 3620 παραμήκεις
774 3539 820 3598 καὶ
831 3541 895 3620 πρὸς

110 3627 240 3699 ἀλλήλους
264 3627 484 3708 συντετρημένους
503 3629 751 3698 κατασκιυόζσυσιν.
796 3627 844 3688 Ἐν
867 3629 895 3686 δέ

109 3715 210 3782 τούτοις
223 3717 400 3796 ἀναψύχοντες
412 3715 518 3783 ἑαυτούς
530 3713 645 3784 ἀλύπως
659 3717 894 3788 κατασκευάζουσι,

109 3804 155 3862 καί
174 3802 243 3862 κατά
270 3803 317 3870 τὰς
339 3802 487 3868 ἐπικλύσεις
509 3805 562 3862 τῶν
584 3802 710 3879 κυμάτων
732 3805 894 3875 ἐκπηδῶντες

109 3890 172 3972 περὶ
187 3890 235 3963 τλν
250 3890 332 3970 θήραν
343 3892 399 3948 τῶν
411 3889 508 3969 ἰχθύων
521 3893 703 3970 ἀσχολοῦνται·
723 3890 785 3949 ὅταν
801 3890 827 3949 δέ
843 3891 893 3966 ἄμ·

72 3996 192 4046 mmm
212 3977 336 4056 piem,
359 3979 608 4058 κατευωχησόμενοι
630 3977 663 4036 τὰ
677 3977 808 4058 >malm
825 3999 894 4054 oop-
939 3967 1027 4038 praeda
1042 3968 1156 4020 suaviter
1176 3968 1360 4033 conviventur,
1379 3969 1407 4020 in
1424 3968 1560 4039 speluncas
1578 3969 1632 4021 illas
1654 3969 1725 4021 resn-

110 4067 233 4150 ιρεύγουσι
245 4067 324 4124 πόλιν
342 4068 378 4132 εἰς
392 4067 451 4133 τούς
465 4064 667 4147 προειρημένους
683 4068 809 4131 αὐλῶνας.
939 4066 1026 4132 glum·

149 4173 187 4214 ιιι.
210 4152 280 4218 Τοὺς
295 4152 321 4212 δέ
340 4152 547 4224 τελευτήσαντας
561 4152 688 4210 θάπτουσι
703 4153 770 4209 κατὰ
786 4151 833 4227 μέν
852 4149 894 4208 τὸν
976 4162 1021 4224 45.
1045 4161 1190 4213 Defunctos
1211 4162 1246 4214 ita
1259 4161 1404 4231 sepeliunt,
1420 4173 1449 4214 ut
1469 4164 1586 4214 rclluxus
1608 4172 1725 4231 tempore

938 3399 1046 3450 tumulis
1057 3397 1090 3450 nd
1104 3399 1151 3451 viri
1161 3397 1325 3451 altitudinem
1335 3399 1470 3451 cuniculos
1481 3409 1595 3469 agentes,
1608 3419 1666 3473 qum
1679 3421 1721 3454 su·

938 3507 986 3559 pru
1001 3491 1124 3542 verticem
1142 3499 1220 3555 sunt,
1232 3499 1363 3561 protecto
1376 3490 1545 3561 relinquunt,
1558 3491 1605 3544 scd
1623 3491 1724 3546 inlcrne

938 3598 1031 3652 specus
1039 3579 1167 3649 oblongos
1178 3591 1205 3632 et
1213 3579 1358 3652 perforatos
1370 3580 1483 3633 invicem
1495 3579 1636 3636 ell'odinnt.
1673 3584 1724 3636 llic

939 3697 995 3731 sese
1005 3677 1039 3730 ab
1050 3688 1115 3731 estu
1124 3688 1270 3730 recreentes
1278 3677 1376 3748 ebnpue
1386 3678 1503 3731 molestia
1514 3691 1722 3744 commorantur,

938 3785 964 3827 el
978 3775 1028 3826 sub
1042 3775 1121 3827 moris
1134 3773 1262 3827 elliuxutn
1282 3774 1445 3846 pnrsilientes
1462 3775 1593 3828 venationi
1612 3776 1723 3846 piscium

940 3870 1115 3936 incumbunt3
1134 3872 1313 3942 reciprocante
1326 3882 1415 3924 autern
1435 3871 1535 3935 lluctu,
1551 3882 1581 3924 ut
1595 3870 1628 3924 de
1648 3883 1723 3944 coptu

111 4247 158 4314 τῆς
172 4241 320 4318 ἀμπώτεως
333 4240 424 4321 καιρὸν
446 4244 537 4308 ἐῶντες
556 4239 740 4320 ἐρριμμένους,
763 4239 824 4298 όταν
839 4243 861 4298 δ’
878 4244 895 4310 ἡ
940 4247 1066 4300 cariorem
1080 4248 1216 4299 inlrumutn
1230 4245 1386 4317 projiciant,
1401 4247 1528 4300 redeunte
1543 4257 1630 4300 nutem
1646 4248 1725 4299 trieris

111 4329 266 4410 πλημμυρὶς
288 4327 401 4406 ἐπέλθῃ,
427 4328 561 4408 ῥίπτουσιν
582 4331 618 4396 είς
636 4327 683 4398 τὴν
707 4329 839 4387 θάλατταν
862 4327 896 4384 τάι
940 4345 1005 4386 netu
1026 4334 1149 4386 fluctibus
1162 4331 1304 4384 auferenda
1324 4331 1438 4385 trudunt.
1476 4337 1567 4403 ltaque
1580 4351 1661 4403 quum
1676 4334 1723 4402 ipsi

74 4427 98 4464 Γ·
111 4417 236 4494 σώματα.
280 4417 327 4477 Διδ
338 4418 384 4475 καλ
395 4417 442 4488 τὴν
455 4417 523 4476 ἰδίαν
533 4416 619 4496 ταφὴν
631 4414 728 4495 τρορὴν
738 4419 789 4474 τῶν
800 4415 896 4494 ἰχθύων
940 4439 987 4472 sun
998 4421 1113 4491 piscibus
1124 4417 1258 4489 sepultura
1270 4436 1354 4471 escam
1367 4418 1497 4483 offerant,
1511 4421 1563 4471 rita
1574 4436 1666 4472 eorum
1681 4437 1725 4488 pr·

110 4499 261 4582 ποιούμενοι
283 4504 461 4580 κυκλούμενον
483 4506 635 4584 ἰδιοτρόπως
659 4503 703 4561 τὸν
730 4506 784 4580 βίον
806 4503 895 4581 έχουσι
940 4509 1030 4561 culinti
1045 4506 1124 4559 ruodo
1135 4524 1183 4578 per
1195 4523 1367 4560 outneaerum
1378 4507 1405 4558 in
1416 4505 1508 4558 orbem
1525 4507 1599 4575 quasi
1612 4505 1724 4557 circum·

110 4595 173 4673 παρ’
189 4592 249 4652 dion
263 4591 306 4650 τθν
321 4595 412 4650 αἰῶνα.
941 4594 1036 4661 agitur.

152 4701 189 4740 ιο.
211 4679 263 4740 Ἓν
275 4681 302 4738 δέ
314 4679 385 4757 γένος
395 4683 445 4738 τῶν
457 4678 637 4759 Ἰχθυορόγων
650 4679 771 4746 τοιαύτας
784 4679 839 4760 ἔχει
851 4678 897 4745 τάς
977 4684 1022 4742 46.
1040 4678 1122 4750 (sup.
1139 4696 1170 4747 19
1181 4681 1201 4747 ).
1216 4681 1338 4731 l'etcrutn
1350 4694 1402 4730 una
1415 4677 1641 4748 Iclrtlrpoplrnginn
1656 4677 1727 4729 natio

1074 4828 1175 4834 ---—
1194 4827 1215 4833 -.
1232 4828 1253 4832 ..
1275 4825 1402 4832 ——-—-—-
1582 4827 1657 4832 ..--...

113 4903 897 4979 sonoritatezaetoozoctmzlutopem(t.inalnt0poy,).ct.
955 4909 1013 4971 Η-
1031 4905 1154 4974 κύματος]
1175 4903 1299 4974 καύματος
1320 4901 1399 4955 codd.
1424 4901 1616 4971 Diodorill-
1634 4906 1659 4956 θ.
1684 4921 1726 4954 πτ-

112 4987 191 5038 ctinm
205 4984 401 5038 Androsthenes
414 5001 457 5054 ap.
469 4983 645 5054 Theophrast.
661 4987 701 5038 De
710 4986 791 5055 plent.
803 4988 839 5048 ll,
854 4985 879 5036 5.
944 4983 1082 5054 πιλωμένος
1092 4985 1123 5036 C.
1136 4987 1148 5050 Ι]
1158 5013 1195 5024 -
1210 4999 1251 5034 ιε.
1267 4982 1407 5052 στέγειν]
1427 4983 1517 5052 στέγην
1530 4984 1560 5034 C.
1577 4982 1659 5034 Possit
1674 4981 1727 5032 στέ-

147 5066 215 5130 sit,
229 5063 246 5114 l.
261 5063 285 5114 5.
298 5061 405 5132 μνίου]
418 5064 460 5114 ste
471 5061 821 5132 Diodorus;dpporrodices
831 5063 900 5116 Plio·
944 5082 997 5132 γειν
1008 5064 1086 5116 etiem
1107 5079 1150 5132 ep.
1171 5061 1318 5114 Diodorum
1341 5079 1389 5131 pro
1407 5063 1496 5130 στέγην
1515 5061 1589 5132 γιοιιὶ,
1604 5069 1727 5110 moncntc

115 5143 143 5193 tii
156 5152 183 5192 et
194 5140 282 5205 editt.;
293 5142 380 5210 ρύκους
398 5140 600 5211 ἀποθεόλημένου
609 5141 704 5194 πολλού
717 5141 898 5196 Artemidorus
943 5141 1130 5208 Wcsselingio.
1144 5143 1156 5206 Ι]
1166 5169 1202 5180 -
1212 5158 1220 5192 ι
1229 5143 1355 5210 iterur}
1368 5160 1429 5201 τινες
1439 5143 1468 5192 ll.
1482 5143 1494 5206 ]]
1505 5170 1539 5179 -
1552 5156 1592 5207 ¹7·
1609 5138 1624 5188 οἷ
1631 5157 1705 5207 γρου
1719 5139 1725 5208 ]

116 5242 158 5293 πμ.
175 5221 260 5274 Struit.
273 5238 299 5290 p.
312 5222 372 5289 773.
386 5223 398 5286 ]]
410 5251 444 5260 —-
460 5239 485 5289 7.
502 5223 540 5273 πό
546 5242 555 5282 ς
577 5217 683 5290 οὗτος]
698 5224 742 5281 ,τοῖς
753 5241 801 5290 rgo
813 5219 893 5272 tirtel.
943 5220 1035 5290 ἀγορὰν
1050 5223 1129 5272 illici
1143 5238 1203 5289 rugo
1220 5223 1250 5272 (ἶ.
