3775 5750
25 408 165 492 (2-s.l
509 418 695 481 renierus
716 420 838 481 nanis
861 424 1013 505 errans.
1037 425 1150 485 sinen
1172 426 1195 484 1.
1620 452 1677 503 sn

21 539 168 609 νήσοις·
182 536 218 603 ὧν
231 543 277 615 τὴν
288 545 336 623 μέν
353 545 459 625 πρώτην
471 546 792 627 κατά[τδ]μεσαίτατον
804 555 848 609 τοῦ
896 559 1009 626 dictam,
1024 572 1050 614 et
1060 562 1163 635 duabus
1173 564 1325 635 Britanniis,
1337 582 1450 635 quarum
1462 566 1536 618 btam
1556 568 1681 620 inmedio
1708 541 1732 611 ,'.
1759 572 1769 600 ¹·
1783 550 1809 600 .'.
1881 569 1882 608 ἶ

22 625 176 690 Ἰνδικοῦ
188 632 318 713 πρλάγους
331 634 432 692 κεῖσθαι
446 632 604 709 συνέστηκι,
616 636 664 703 τὰς
673 634 695 693 θ’
705 636 795 715 ἐτέρας
805 636 851 697 δύο
896 648 982 717 Indici
993 650 1082 714 maris,
1095 651 1171 704 hasce
1186 671 1248 705 vero
1261 653 1288 705 iu
1299 654 1494 723 septentrionali
1505 656 1613 708 Oceano
1622 658 1682 710 sitas

23 716 63 771 ἐν
81 721 138 797 τῷ
155 718 265 800 ἀρκτῴῳ
277 722 396 800 ὠκεανῷ.
897 752 953 788 csse
967 748 1078 793 constat,

82 824 117 867 κ.
153 805 235 873 Εἰδὼς
245 808 272 865 δέ
281 808 327 866 καί
336 808 495 889 έτέρουςτῶν
505 811 625 870 παλαιῶν
635 811 694 890 περὶ
705 809 751 881 τὴν
762 808 849 869 soreii·
933 842 961 879 2,
981 830 1072 893 Quum
1089 844 1151 879 vero
1161 826 1533 897 aliosqnoqueveterumboc
1544 848 1683 899 argumen-

24 914 93 962 την
113 894 322 963 σπουδάσαντας
334 897 527 969 ίιπόθεσιν,καὶ
536 897 595 965 τοὺς
605 896 652 975 μὲν
665 897 772 979 μερικάς
780 922 850 965 τινας
897 924 956 967 tum
966 924 1098 980 metasse,
1113 915 1439 986 panimquepmicuiffi
1451 916 1578 986 quisdam
1592 938 1682 974 mm.

25 982 254 1059 π’)νησαμὲνθυι
278 981 324 1051 τὰς
352 984 504 1061 linitione,
528 984 586 1051 wli
607 986 633 1043 δέ
657 985 702 1043 καί
724 986 849 1045 rrlrtdrnr
897 1000 1111 1066 tionesedidisse,
1119 1002 1260 1055 nonnullos
1268 1019 1330 1054 vero
1338 1002 1684 1076 etiampluralocaattigisse

29 1068 214 1147 ἁψαμένους
230 1070 326 1131 τόπων·
349 1072 449 1142 millii
469 1072 564 1148 ἐθέμην
582 1073 721 1153 φροντίδα,
742 1072 850 1149 μηδενὸς
896 1090 976 1141 sciam
991 1106 997 1140 :
1013 1088 1104 1143 sedulo
1117 1106 1225 1159 operam
1243 1087 1316 1151 dedi,
1329 1107 1363 1141 ne
1378 1107 1512 1161 quoquam
1526 1090 1631 1144 illorum
1642 1095 1682 1146 in·

29 1156 161 1215 τούτων
175 1161 284 1237 ἀρθῆναι
298 1158 427 1239 δεύτερος,
442 1159 489 1231 τὴν
506 1160 639 1241 ἀκρίθειαν
664 1164 715 1218 τῶν
737 1165 849 1241 ῥηθησο-
897 1176 1375 1247 seriorviderer,speransaccuratam
1384 1196 1477 1230 eorum
1488 1196 1547 1249 qnae
1556 1178 1682 1233 dicuntm·

31 1242 149 1315 μένων
162 1250 207 1316 τῆς
217 1246 415 1325 ἧμῑῒέραςπῑρί
425 1251 622 1319 τῦῧτῠσπῡνδῆι
630 1248 850 1326 ἕννργέιέθπέῦαι
897 1265 1033 1317 veritatem
1047 1274 1142 1317 nostrae
1151 1265 1220 1317 circa
1231 1265 1287 1317 haec
1299 1264 1440 1333 diligentiae
1448 1264 1616 1318 manifestum
1626 1267 1682 1321 lore

8 1328 168 1389 νέσεσθαι
187 1332 332 1411 γνώρισμα.
373 1333 474 1393 Τούτου
490 1332 522 1405 δὴ
541 1334 619 1415 χάριν
638 1333 743 1405 staltis
764 1336 854 1395 αἰτίαν,
896 1352 1097 1405 documentum,
1134 1352 1316 1420 Quamobrem
1332 1370 1438 1405 causam
1458 1370 1564 1424 quoque
1583 1354 1681 1408 disere.

31 1422 97 1488 τῆς
123 1420 262 1496 γινομένης
273 1420 333 1498 περὶ
346 1417 394 1492 eis
405 1420 581 1501 ἀναμέτρησιν
595 1424 647 1479 τῶν
662 1421 773 1483 σταδίων
788 1424 849 1483 διν·
895 1441 1065 1509 pentiae‚quae
1074 1436 1465 1492 insedtorumdimensionibus
1474 1441 1593 1508 merigis,
1603 1439 1681 1493 tecte

32 1508 159 1582 (Pfflvlssi
175 1505 262 1587 ᾠήθην
277 1509 328 1565 δεῖν
343 1512 514 1589 παρασνῆῦαῑ
526 1512 578 1575 wli
593 1509 787 1586 serenissim<-
802 1514 849 1582 τῆς
894 1525 969 1577 ribus
976 1522 1158 1597 exponendam
1167 1524 1266 1575 censui.
1304 1526 1395 1590 Quum
1403 1526 1474 1577 enim
1481 1524 1681 1595 hujusmodiar·

34 1592 106 1672 γὰρ
114 1594 237 1667 τοιαύτης
248 1594 393 1663 ὑποθέσεως
399 1596 429 1654 τὸ
439 1596 630 1676 ἀκριόίςοθκέν
638 1606 694 1665 ταῖς
703 1595 788 1656 θέσεσι
796 1601 848 1656 τῶν
895 1621 1050 1681 gementum
1063 1629 1118 1664 non
1131 1620 1234 1663 tantum
1250 1611 1278 1663 in
1286 1610 1419 1676 locorum,
1431 1610 1539 1663 urbium
1549 1622 1628 1682 atque
1641 1616 1680 1667 in-

33 1680 149 1741 τόπων
157 1680 233 1759 μόνον
241 1685 286 1741 καὶ
293 1682 394 1741 πόλεων
400 1682 445 1742 καὶ
451 1684 537 1754 νήσων
544 1683 590 1742 καί
600 1684 714 1761 λιμένων
724 1683 845 1763 ἐχούσης,
894 1697 1010 1751 cularum
1022 1707 1199 1769 portunmque
1211 1697 1272 1761 situ,
1288 1695 1334 1749 sed
1347 1698 1375 1748 in
1384 1696 1475 1749 stadiis
1485 1708 1546 1751 ante
1555 1701 1644 1753 omnia
1655 1712 1681 1753 et

8 1786 21 1824 s
37 1768 130 1829 ἀλλὰ
142 1769 194 1849 πρό
207 1794 236 1848 γε
250 1770 353 1830 πάντων
365 1775 391 1831 έν
406 1772 460 1839 τοῖς
475 1772 588 1839 σταδίοις
597 1772 642 1831 καί
654 1780 710 1839 ταῖς
722 1775 772 1830 τῶν
788 1796 849 1851 χω-
893 1788 1032 1856 regionum
1043 1784 1251 1839 dimensionibus
1259 1794 1410 1838 nocui-atum
1420 1804 1475 1837 ,περ
1484 1798 1612 1857 oporteat,
1620 1808 1681 1841 cmi.

40 1856 123 1935 ρίων
140 1857 357 1937 θιαμετριίσισιν,
373 1857 515 1918 ἀκόλουθον
528 1848 603 1935 οἶμαι
617 1858 693 1937 λόγον
708 1860 790 1939 spelit,
802 1860 847 1919 ml
893 1878 1041 1925 seuientem
1049 1872 1186 1925 instituere
1195 1871 1261 1923 milti
1274 1870 1366 1923 videor
1379 1888 1528 1923 sermonem
1542 1883 1569 1926 et
1588 1874 1634 1943 qui
1648 1875 1680 1926 iis

39 1952 112 2010 τοῖς
125 1945 290 2023 βουλομένοις
299 1944 368 2003 κατὰ
379 1944 455 2027 ρόσιν
465 1954 572 2005 σκοπεῖν
584 1947 631 2017 τὴν
642 1948 668 2005 ἀν
679 1948 717 2026 τῷ
726 1947 847 2027 περίπλῳ
893 1961 938 2031 qui
947 1977 998 2029 pro
1008 1960 1046 2011 nei
1060 1968 1154 2011 narina
1163 1957 1292 2010 rationem
1300 1958 1379 2010 maris
1386 1958 1414 2008 in
1423 1958 1572 2026 navigando
1593 1959 1680 2013 dime-

40 2035 104 2101 τῆς
119 2031 250 2105 θαλάττης
264 2032 441 2113 ἀναμέτρησιν
461 2034 546 2106 ἀληθῆ
567 2032 763 2113 φανησόμενον,
783 2033 846 2093 καί·
892 2044 975 2096 tiendi
995 2044 1162 2097 considerare
1185 2043 1325 2107 voluerint,
1349 2061 1426 2095 verm
1449 2062 1505 2097 esse
1527 2046 1677 2116 apparebit;

39 2140 130 2191 τοιγε
152 2122 203 2177 τῶν
223 2117 283 2199 περί
299 2118 398 2179 τούτων
414 2121 617 2179 σπουδασάντων
632 2120 733 2187 οὐδενὸς
746 2124 846 2193 ἀπιση-
893 2147 1053 2201 quamquam
1063 2146 1144 2182 nemo
1154 2128 1259 2181 illorum
1277 2130 1323 2198 qui
1340 2126 1375 2181 de
1388 2128 1459 2181 hisee
1472 2130 1633 2201 scripserunt
1650 2132 1679 2185 id

8 2220 23 2259 ο
42 2204 213 2280 μηναμένου
225 2212 321 2285 τοῦτο,
336 2208 395 2265 ἀλλ’
410 2206 499 2286 ὥσπερ
512 2208 618 2289 σχοινίιρ
632 2208 846 2288 διαμεμετρημί-
892 2218 979 2289 ipsum
991 2217 1154 2280 indicaverit,
1167 2215 1213 2269 sed
1230 2233 1321 2268 omnes
1331 2217 1367 2269 ita
1377 2233 1520 2269 numerum
1532 2216 1678 2271 stadiorum

41 2316 102 2361 νης
127 2297 173 2363 τῆς
196 2294 340 2368 θαλάττης,
364 2293 432 2353 οὕτω
457 2296 501 2354 τδν
523 2296 632 2375 ἀριθμὸν
658 2300 709 2355 τῶν
730 2296 845 2377 ,σταδίων
891 2304 1071 2374 exposuerint,
1082 2305 1143 2355 acsi
1153 2318 1225 2354 mare
1237 2300 1300 2353 sune
1310 2300 1423 2354 dimensi
1433 2312 1527 2355 essent.
1566 2305 1623 2372 Ego
1632 2322 1677 2357 an·

43 2381 287 2457 ἀπαγγειλάντων.
330 2384 409 2460 Φημὶ
421 2382 452 2455 δὴ
467 2384 513 2442 οὐκ
527 2386 553 2443 έν
571 2383 654 2442 ἀπασι
668 2392 721 2450 τοῖς
735 2388 781 2455 τῆς
799 2391 845 2445 θα·
891 2400 1006 2444 temnon
1015 2390 1219 2444 sacileessedioo
1230 2391 1355 2460 inquaris
1364 2390 1444 2443 maris
1453 2392 1678 2461 partestadiorum

43 2467 157 2540 λάττης
178 2468 268 2549 μέρεσι
289 2467 374 2551 ῥηίδιον
388 2461 454 2529 εἶναι
474 2469 519 2529 τὸν
533 2475 584 2530 τῶν
599 2471 712 2531 σταδίων
736 2472 845 2550 ἀριθμὸν
891 2494 1032 2530 numerum
1047 2478 1238 2530 accuratissime
1256 2476 1390 2542 invenire,
1407 2474 1452 2528 sed
1471 2476 1601 2546 siquidem
1617 2478 1678 2530 litus

44 2554 124 2632 πρὸς
145 2554 377 2635 τθάκριθέστατον
399 2560 523 2637 ἀνευρεῖν·
547 2558 606 2616 ἀλλ’
627 2562 650 2617 el
671 2558 717 2634 μέν
729 2558 785 2637 ᾐών
807 2583 845 2627 τις
890 2562 997 2633 aliquod
1010 2573 1112 2616 rectum
1126 2574 1205 2633 atque
1216 2562 1341 2633 equabile
1356 2564 1400 2626 sit,
1416 2580 1465 2614 nec
1480 2580 1558 2615 cesos
1570 2564 1678 2620 sinuum

8 2654 28 2691 5
47 2643 147 2700 εὐθεῖα
156 2642 374 2721 τυγχάνει,μήτι
386 2644 539 2717 κοιλότητας
550 2644 617 2723 μήτε
630 2644 721 2725 ίξοχάς
733 2644 842 2725 έχουαα,
890 2667 1008 2703 recessus
1028 2667 1114 2719 neque
1130 2649 1318 2721 prominentias
1329 2648 1395 2700 ullas
1414 2648 1518 2714 habeat,
1534 2648 1676 2702 dunensio-

45 2735 102 2788 τοῦ
118 2729 192 2809 παρά
210 2730 307 2803 ταύτην
327 2731 462 2811 γινομένου
475 2735 542 2791 πλοῦ
559 2730 605 2804 ela
618 2730 796 2813 ἀναμέτρησιν
809 2736 845 2801 ὡς
890 2754 953 2789 nem
963 2737 1134 2805 navigationis
1142 2734 1289 2788 secundum
1299 2732 1452 2803 hujusmodi
1464 2734 1524 2787 litus
1535 2733 1635 2787 facilem
1647 2746 1678 2789 ut

46 2817 156 2876 ἐπίπαν
171 2818 262 2899 ῥᾳδίαν
275 2809 350 2878 εἶναι·
364 2822 416 2878 τῶν
431 2820 458 2879 dl
477 2820 581 2880 κόλπων
600 2820 709 2880 καὶτῶν
725 2824 845 2901 ἀκρωτη-
889 2824 1035 2902 plurimum
1044 2841 1115 2889 στοας
1128 2824 1234 2876 sinuum
1244 2832 1330 2876 autern
1344 2832 1423 2892 atque
1433 2825 1677 2894 promontoriorum

49 2905 122 2984 ρίων
133 2907 193 2977 ἤτοι
204 2907 370 2988 χερρονήσων
382 2909 425 2968 τὸν
437 2907 579 2988 περίπλουν
590 2911 619 2970 οὗ
630 2909 737 2969 δυνατὸν
748 2909 844 2989 ἀκριόῆ
891 2913 945 2965 sive
961 2911 1159 2983 peninsulamm
1176 2911 1306 2964 ambitum
1319 2920 1472 2963 accuratum
1484 2913 1607 2964 constitui
1622 2930 1676 2964 non

48 2998 239 3072 παραστῆσαι,
281 2997 321 3056 Oi,
348 2994 400 3074 γὰρ
420 2997 478 3055 aaa?
501 2996 713 3076 ὡμολογημένων
738 2999 842 3068 τόπων,
888 2999 1115 3068 posseexistimo;
1129 2997 1295 3066 nequeenim
1311 2996 1387 3048 sicuti
1403 2999 1430 3049 in
1447 2999 1592 3050 continenti
1608 3008 1677 3052 terra

8 3093 32 3133 to
49 3081 149 3161 ὥσπερ
164 3083 212 3142 ἐπί
229 3087 275 3155 τῆς
288 3087 335 3161 γῆς
349 3083 392 3142 bl
405 3087 458 3142 τῶν
472 3085 612 3165 λεωφόρων
625 3084 674 3154 τὴν
694 3083 842 3163 ὁδοιπορίαν
888 3087 940 3138 ίιοι·
956 3085 986 3137 fit
999 3103 1048 3155 per
1059 3084 1184 3136 militares
1198 3084 1263 3147 vias,
1284 3084 1320 3134 ita
1334 3084 1362 3135 in
1378 3085 1443 3136 mari
1463 3102 1569 3154 quoque
1582 3104 1675 3138 cursus

49 3175 209 3245 ποιοῦνται,
227 3170 295 3230 οὕτω
307 3171 372 3230 κάπὶ
383 3176 430 3244 τῆς
448 3173 583 3243 θαλάσσης
597 3171 641 3230 τὸν
655 3173 737 3230 πλοῦν
749 3171 842 3229 clidon-
887 3189 935 3242 per
949 3181 1020 3228 οττῐν
1039 3179 1066 3222 el
1079 3180 1141 3221 nott·
1153 3168 1210 3222 lom
1222 3167 1357 3237 dirigitur·
1372 3169 1505 3221 P⁰ss⁸¹ssu⁵
1517 3171 1674 3254 enlm'verbl

50 3281 108 3320 σιν.
151 3257 315 3318 Ὗποκείσθω
328 3257 380 3339 γὰρ
402 3258 480 3338 λόγου
502 3258 580 3339 χάριν
599 3259 695 3326 κόλπος
713 3257 782 3317 κστά
802 3258 846 3316 τὸν
887 3257 970 3327 grane
983 3257 1070 3310 sinum
1087 3253 1164 3326 juxta
1181 3255 1269 3326 ipsum
1290 3254 1352 3307 litus
1372 3255 1485 3308 circuitu
1503 3265 1611 3308 eentum
1623 3268 1678 3348 sta-¹

53 3471 222 3540 Scripturam
234 3471 468 3541 parliteramllin
481 3475 616 3526 Marciano
631 3474 719 3527 firmat
728 3475 845 3527 testimo-
885 3469 1040 3524 Dindorfius
1053 3468 1127 3522 l.l.:
1153 3492 1165 3514 ι
1191 3470 1272 3520 Recte
1284 3466 1432 3538 Stephanus
1445 3468 1543 3538 quique
1556 3484 1617 3519 eum
1635 3487 1674 3520 se-

51 3551 132 3601 nium
142 3549 266 3620 Stephani
278 3552 339 3621 Byz.
356 3569 381 3603 ν.
401 3551 503 3622 Βρεττίσ
525 3552 571 3604 nbi
586 3570 592 3605 :
607 3551 662 3604 Elei
675 3553 719 3610 rel
738 3553 843 3622 θρεττα-
885 3552 978 3621 (μιίιιιτ
986 3545 1268 3619 Eustatltiusjudicant
1281 3546 1394 3600 alterum
1411 3565 1426 3598 τ
1444 3547 1522 3599 metri
1533 3564 1610 3598 causa
1623 3546 1675 3616 ejo-

52 3630 120 3687 νίδες
140 3631 210 3692 νῆσοι
232 3628 257 3682 ἐν
272 3633 308 3700 τῷ
331 3627 454 3697 Ὠκεανῷ,
476 3627 512 3684 ὧν
533 3631 562 3684 rb
585 3630 679 3684 lineales
700 3632 839 3701 θρεττανοί.
887 3631 952 3684 cisse
973 3628 1132 3698 Dionysium
1152 3643 1235 3679 :nam
1256 3626 1378 3679 usitatam
1396 3625 1495 3677 Graecis
1517 3624 1673 3694 scripturam

51 3706 181 3766 Διονύσιος
196 3705 278 3778 (Per.
299 3707 482 3779 υ84)θρελὼν
496 3709 526 3761 rb
544 3711 597 3762 ἓντ
614 3709 695 3780 ἔφη-ι
723 3709 842 3764 Ὠκεανοῦ
887 3707 966 3760 luisse
977 3703 1164 3777 Βρεττανοί(ο.
1175 3704 1325 3776 Πρεττανοίε
1340 3703 1470 3774 θριττανός
1478 3702 1548 3775 apud
1556 3705 1671 3756 Dracon.

52 3785 157 3853 κέχυται
172 3784 263 3854 ψυχρὸς
273 3785 337 3855 ῥόος,
348 3785 407 3838 ἔνθα
422 3787 546 3857 Βρετανοί
568 3788 615 3839 llcl
629 3788 703 3839 ἀλλοι
716 3787 792 3850 elren
801 3787 842 3840 διὰ
886 3786 1004 3844 Straton.
1022 3785 1147 3838 scribitur
1159 3801 1187 3855 p.
1211 3786 1272 3853 17,i
1284 3782 1305 3854 ),
1320 3782 1420 3834 nemini
1438 3780 1551 3833 dubium
1564 3782 1613 3833 erit
1627 3784 1672 3851 qui

52 3883 71 3914 π
91 3862 236 3931 ΙΙρετανίθες
255 3867 342 3930 νῆσοι,
356 3865 389 3927 ὡς
406 3865 596 3936 Μαρκιανὸς
615 3865 658 3918 καί
674 3866 839 3938 Πτολεμαῖος.
886 3865 1008 3918 codicum
1026 3861 1245 3917 consuetudinem
1260 3865 1287 3914 iu
1298 3861 1436 3925 Strabone,
1458 3859 1588 3925 Diodoro,
1601 3859 1672 3925 aliis,

56 3944 182 3994 «ronna
193 3960 252 4012 que
271 3945 305 3996 ab
316 3943 389 3997 litera
408 3944 542 4016 llineipit‚
558 3963 612 3998 non
628 3945 732 3998 videtur
749 3946 798 3998 nisi
813 3949 842 3998 in
885 3943 1079 4009 observaverit,
1094 3945 1139 4014 qui
1154 3951 1382 4014 peneoonstanter
1397 3939 1559 4011 duplicatum
1573 3959 1596 4003 τ,
1609 3941 1672 3992 sim·

53 4037 201 4090 paucorum
227 4023 385 4092 scriptorum
416 4041 495 4076 usum
520 4025 635 4090 venisse;
665 4025 841 4094 antiquiorem
885 4022 945 4094 plex
963 4035 1052 4077 autem
1072 4032 1218 4085 amentur,
1236 4021 1378 4091 utquaein
1398 4020 1558 4071 contrariam
1570 4029 1672 4089 partem

53 4117 114 4151 carn
132 4099 210 4152 habet
222 4102 374 4154 Eustathius
395 4099 429 4155 ad
444 4104 554 4174 Dionys.
575 4106 636 4171 δρα.
664 4102 743 4174 Apud
757 4103 842 4157 Ptole·
885 4102 1006 4173 exempla
1016 4102 1186 4172 reperiuntur
1196 4101 1253 4152 sine
1261 4100 1429 4150 cunctatione
1437 4098 1533 4164 corrigi
1541 4107 1670 4167 oporteat,

56 4194 154 4229 meum
178 4196 250 4230 nune
274 4196 321 4249 per
340 4179 502 4249 presbiter,
524 4181 706 4247 librariorum,
734 4183 839 4254 opinor,
885 4175 1669 4266 nonimpedientibnsnurninquisepesimplexspraebcnt.

53 4257 141 4325 culpa,
157 4273 224 4326 quos
235 4275 328 4326 magna
339 4261 454 4329 suspicio
462 4270 501 4311 est
510 4261 588 4312 etiam
601 4261 628 4312 in
642 4261 698 4313 aliis
707 4263 840 4335 scriptori·
886 4262 1014 4315 Diversus
1026 4262 1207 4312 Romanorum
1217 4273 1280 4308 usus
1291 4266 1344 4320 σοις
1363 4256 1409 4325 qui
1424 4273 1508 4324 quum
1520 4272 1594 4325 prius
1607 4256 1670 4306 sim-

53 4335 106 4387 bus
119 4337 245 4389 reriorem
262 4336 374 4390 sormam
387 4338 545 4391 obliterasse.
559 4341 601 4392 Sic
609 4339 680 4410 apud
693 4340 841 4394 Diodorum
885 4340 944 4411 pler
955 4337 1155 4410 tpraetulissent,
1166 4345 1256 4407 postea
1266 4334 1363 4406 duplex
1373 4333 1541 4388 adsciverunt
1552 4350 1559 4385 ι
1571 4332 1606 4423 de
1616 4351 1671 4403 quo

53 4415 107 4466 Sic.
118 4413 185 4466 libro
194 4414 288 4485 quinto
296 4417 486 4469 vetustissimus
495 4415 578 4468 codex
589 4417 803 4472 vindobonensis
811 4439 839 4484 π,
885 4418 953 4472 dixit
965 4415 1075 4478 Erlthel,
1087 4416 1136 4479 VI,
1148 4432 1175 4485 p.
1190 4417 1253 4477 alio.
1266 4412 1373 4484 Duplex
1387 4432 1399 4467 ν
1413 4412 1551 4483 proprium
1567 4410 1671 4464 videtur

53 4495 212 4546 recentiores
222 4493 280 4546 libri
290 4494 314 4564 β’
322 4495 450 4566 praebent.
464 4516 475 4544 ι
488 4498 623 4548 Dranoar.
633 4497 660 4548 in
668 4499 706 4549 St.
714 4497 794 4550 Thes.
803 4501 839 4563 ll,
885 4498 917 4551 iis
926 4495 1018 4549 formis
1032 4510 1091 4566 quar
1100 4491 1397 4565 simplicirsctibuutur.
1410 4517 1422 4540 ι
1430 4493 1441 4562 ΙΙ
1448 4523 1483 4533 -
1493 4509 1517 4544 1.
1527 4493 1669 4562 μεσαίτατον

54 4590 82 4641 p.
96 4572 273 4644 liernibus
286 4573 354 4626 adde
365 4573 438 4644 quod
446 4571 677 4628 eandemsormam
691 4574 762 4646 apud
770 4577 840 4629 Stra·
884 4574 945 4629 cod.

55 4649 151 4702 bonern
161 4651 343 4721 utplurimum
356 4652 473 4723 praebent
490 4652 594 4706 codices
612 4653 715 4723 optimi,
731 4652 797 4706 adeo
811 4665 840 4707 ut
919 4658 973 4723 §2,
984 4653 1003 4708 l.
1017 4653 1043 4707 5.
1059 4652 1130 4714 τοθς
1144 4653 1217 4723 μὲν]
1232 4651 1275 4714 τάς
1287 4650 1331 4723 μὲν
1342 4651 1415 4717 ood.;
1433 4668 1485 4704 ent.
1499 4649 1586 4704 lluds.
1601 4650 1611 4719 ΙΙ
1633 4681 1669 4691 -

55 4727 140 4782 ubivis
150 4729 177 4781 in
189 4729 317 4783 Strabone
329 4731 507 4802 reponendam
515 4730 576 4801 jure
583 4733 730 4802 suspicetur
740 4734 839 4786 Meine-
884 4737 911 4786 6.
924 4733 1052 4794 πλειόνους
1062 4731 1135 4798 cod.;
1148 4750 1200 4784 em.
1213 4729 1289 4784 editt.
1308 4731 1319 4800 ΙΙ
1333 4761 1370 4772 -
1383 4751 1411 4800 9.
1425 4729 1519 4801 trappe
1531 4727 1604 4793 cod.;
1614 4747 1667 4782 em.

54 4806 114 4860 icius
124 4807 158 4862 ad
171 4808 261 4884 Stepb.
276 4811 338 4880 Byz.
350 4827 382 4864 ν..
393 4809 540 4880 lipsiensi,
554 4810 601 4880 qni
620 4811 648 4863 in
663 4811 720 4881 ipso
733 4812 840 4882 Stepha-
883 4811 959 4866 editt.
975 4813 986 4882 ll
999 4841 1036 4853 -
1050 4829 1092 4865 ro.
1104 4811 1289 4881 τοίτου]τοῦ
1300 4810 1361 4862 eod.
1376 4819 1402 4862 et
1413 4808 1488 4861 editt.
1504 4808 1516 4877 ΙΙ
1527 4837 1564 4848 -
1574 4822 1617 4860 aa.
1630 4808 1673 4858 δεῖ

55 4905 91 4940 no
100 4889 274 4959 antiquiorem
287 4889 355 4947 hanc
368 4889 481 4944 sormam
495 4889 601 4944 ecodd.
613 4890 800 4961 redintegravit
812 4911 836 4944 ν.
883 4892 956 4956 cod.;
971 4909 1023 4948 em.
1046 4890 1121 4948 editt.
1146 4892 1159 4959 ΙΙ
1178 4919 1214 4932 -
1230 4894 1272 4953 Il·
1284 4889 1336 4943 καὶ
1355 4889 1444 4960 λιτὴ]
1460 4887 1475 4953 ἦ
1489 4887 1516 4940 λ·
1531 4887 1667 4951 effidem·

55 4968 173 5039 Σάμνιον,
183 4967 300 5021 Λίθοῦδαι
312 4973 321 5038 (
334 4973 404 5036 νῆσοι
413 4971 484 5023 πέντε
492 4975 536 5036 τῆς
547 4971 720 5039 Πρεταννικῆς,
730 4971 763 5032 ὡς
773 4972 839 5042 Μαρ-
883 4971 969 5026 Huds.
984 4973 995 5041 ΙΙ
1004 5001 1041 5012 -
1054 4973 1097 5024 ιθ.
1111 4970 1283 5040 ρανησομένην
1294 4968 1356 5022 eod.
1367 4978 1394 5021 et
1403 4966 1478 5020 editt.
1494 4968 1544 5036 ΙΙ-
1553 4971 1599 5030 τίς.
1612 4965 1668 5036 μὲν

55 5045 164 5118 κιανός),
177 5045 299 5117 Ἆλόίων(
311 5052 384 5115 νῆσος
394 5047 543 5118 Πρεττανικὴ
556 5050 636 5120 [utin
645 5049 705 5103 cod.
719 5039 836 5121 nostro],
883 5049 964 5122 ᾗὼν]
979 5050 1022 5121 μὲν
1037 5055 1102 5115 νηῶν
1116 5047 1188 5112 cod.;
1200 5047 1263 5114 ἠϊὼν
1280 5066 1333 5100 em.
1348 5046 1455 5100 Salmas.
1473 5049 1583 5100 Exercc.
1597 5045 1665 5100 Plio.

56 5125 193 5194 θΙαρκιανός
204 5125 224 5197 ),
242 5124 360 5196 Ἰουερνία
372 5137 398 5180 et
416 5125 522 5198 Ἰουερνά,
537 5128 630 5198 (cnjus
639 5131 738 5183 mentio
749 5147 779 5181 ex
793 5147 837 5182 eo·
882 5147 908 5200 p.
924 5130 984 5184 550.
1000 5130 1010 5198 ΙΙ
1024 5159 1060 5170 -
1072 5145 1117 5197 29.
1130 5128 1161 5179 δι’
1173 5126 1376 5197 ὡμολογημένων
1388 5127 1428 5180 vel
1444 5126 1476 5178 δι’
1486 5126 1668 5196 καθωμολογη-

57 5204 115 5256 ιΙοιιι
132 5206 267 5260 lllarciann
283 5206 420 5277 llnxerit).
437 5207 517 5273 Quod
537 5207 623 5260 literas
643 5228 657 5262 τ
676 5221 725 5261 cta
744 5211 770 5261 in
789 5210 837 5261 hac
883 5210 962 5278 μένων
991 5208 1073 5261 τόπων
1101 5206 1140 5259 vel
1172 5207 1226 5260 καθ’
1251 5205 1461 5276 ὡμολογημένους
1481 5224 1505 5258 τ.
1528 5206 1667 5258 voluerum

58 5301 117 5336 voce
133 5282 213 5336 inodo
231 5285 359 5356 simplices
370 5285 450 5338 inodo
464 5284 581 5357 duplices
595 5290 694 5364 attinet,
711 5288 743 5340 sle
754 5289 792 5341 liis
803 5291 837 5341 ita
881 5288 1013 5353 Ποτίτου,
1024 5286 1110 5340 editor
1119 5287 1290 5352 Viennensis,
1301 5285 1486 5352 ilollmannus,
1498 5285 1665 5347 Letrounins,
