3775 5750
665 344 716 403 DE
737 346 890 408 tstootto
911 347 1155 410 CHARACENO·
1602 373 1704 418 axxnt

98 491 233 570 oppido,
249 487 384 550 lsidorus
397 490 505 550 tradit:
521 494 568 549 νῦν
582 489 698 566 μέντοιή
710 491 786 560 πόλις
800 493 886 552 καλεῖ·
926 495 1104 568 nogesimum
1116 497 1244 556 tertium.
1253 497 1326 555 Ochi
1340 511 1449 556 aetatem
1463 503 1603 559 minorem
1613 505 1706 579 argmt

99 610 146 644 ται
160 585 292 665 Χαλαίσαρ
315 587 368 665 (p.
386 584 475 662 250),
495 585 527 644 id
549 585 586 644 ad
602 598 712 646 atatem
734 589 887 668 scriptoris
925 602 993 647 aetas
1005 591 1133 664 filiorum
1155 611 1171 649 a
1190 591 1287 668 Bngoa
1313 593 1448 652 similiter
1476 597 1704 659 interfectorum.

101 680 563 738 deliniendamnulliusmomenti
573 683 887 740 essecontrallodwel·
926 684 1013 742 Arses
1027 686 1104 762 ipse,
1121 687 1172 762 qni
1191 687 1284 764 patris
1298 688 1392 745 locum
1408 691 1566 766 supplevit,
1578 692 1708 759 νεανίσκος

100 776 160 832 lum
174 789 253 833 recte
273 787 373 833 monet
392 775 592 834 Santicntcius
616 777 636 835 l.
657 777 678 835 1.
694 777 765 835 Nam
781 798 886 836 nomen
926 779 1124 856 appellaturet
1136 781 1309 859 μειράκιον
1322 803 1339 840 a
1353 777 1495 855 Diodoro,
1505 785 1707 844 iratresautem

101 872 365 932 urbisParthieum
384 893 440 950 pro
454 871 559 930 Graeco
577 873 655 950 apud
674 873 798 933 Parthos
810 875 887 933 ohti·
926 875 1032 950 reliqui
1046 873 1111 932 νέοι
1133 879 1315 943 παντελῶς.
1331 877 1453 954 Feiellit,
1466 882 1495 936 ni
1508 881 1601 952 lallor,
1611 883 1708 940 virum

101 969 209 1039 naerit,
225 967 297 1026 dum
316 968 395 1046 apud
411 969 568 1045 scriptores
583 968 701 1027 Graecos
714 983 744 1026 et
759 970 887 1041 latinos,
925 975 1037 1051 alioqui
1050 975 1269 1055 doctissimum,
1281 979 1359 1054 qnod
1379 992 1446 1057 post
1463 993 1594 1060 tempora
1609 983 1709 1041 lllace-

100 1063 288 1134 Strabonem,
300 1062 443 1139 Plinium,
454 1065 597 1134 Taciturn,
611 1063 801 1142 Stephanum,
814 1079 847 1123 ut
856 1067 888 1124 in
925 1071 1035 1128 donum
1050 1071 1147 1128 nullos
1166 1073 1254 1130 luisse
1268 1073 1426 1132 crediderit
1446 1077 1583 1153 proprios
1603 1077 1708 1136 Persa·

100 1159 214 1218 Tabula
229 1160 474 1237 Peutingeriana,
490 1161 620 1239 priscum
645 1181 752 1219 nornen
773 1163 804 1220 in
832 1183 887 1221 usu
926 1186 989 1223 rum
1013 1186 1104 1242 reges.
1132 1167 1317 1226 Contrarium
1342 1182 1460 1228 testatur
1485 1171 1605 1244 Strabo,
1627 1175 1708 1234 testis

99 1255 270 1331 permansit.
925 1263 1005 1318 omni
1030 1263 1201 1340 exceptione
1226 1262 1322 1339 major
1349 1283 1401 1322 nec
1433 1266 1518 1341 longe
1543 1266 1580 1324 ab
1597 1267 1708 1328 lsidori

143 1352 206 1410 130.
228 1351 264 1409 Et
278 1351 340 1410 haze
355 1351 473 1428 quidem
486 1351 522 1408 de
539 1353 685 1430 excerptis
699 1354 815 1410 nostris.
837 1353 886 1410 Se-
926 1371 1057 1436 tempore
1069 1373 1207 1418 remotus.
1221 1359 1269 1416 sic
1280 1372 1374 1418 autem
1388 1361 1438 1418 ille
1447 1361 1496 1418 XV
1508 1382 1537 1440 p.
1553 1365 1609 1435 728
1627 1385 1633 1420 :
1653 1365 1708 1423 Kal

100 1447 200 1522 quitur
212 1445 362 1505 Lucienus
377 1445 521 1523 (Macrob.
536 1447 603 1521 ¹5l3
618 1449 669 1524 qui
685 1460 838 1525 postquam
851 1447 887 1506 de
925 1451 1006 1531 γδρεί
1021 1454 1202 1531 βασιλεύονται
1220 1453 1298 1532 μέχρι
1318 1460 1374 1526 νῦν,
1390 1456 1453 1514 ἴδιον
1477 1459 1586 1534 βασιλέα
1606 1459 1708 1538 ἔχοντες

100 1542 275 1602 Artaxerxis
285 1542 449 1602 timrnonis
459 1542 644 1619 longevitate
653 1543 785 1615 dixerat,
795 1543 886 1620 subji·
924 1549 948 1605 ol
963 1547 1077 1626 Πέρσαι·
1093 1551 1125 1622 τῇ
1143 1571 1172 1624 γε
1194 1549 1302 1624 δυνάμει
1316 1551 1437 1610 πλεῖστον
1451 1552 1645 1627 ἀπολείπονται,
1663 1557 1707 1615 καὶ

99 1640 236 1698 cithaec:
258 1639 442 1719 Ἀρταξέρξης,
464 1639 550 1719 ἕτερος
573 1643 684 1719 Περσῶν
702 1639 837 1720 βασιλεὺς,
858 1640 887 1698 dr
924 1647 962 1723 τῷ
989 1645 1147 1722 Παρθυαίων
1169 1643 1329 1726 προσέχουσι
1353 1649 1466 1726 βασιλεῖ.
1492 1650 1540 1708 Sic
1568 1653 1672 1710 iteruin
1699 1677 1705 1710 :

98 1757 175 1813 φησιν
188 1734 245 1792 ἐπὶ
265 1738 325 1793 τῶν
343 1736 497 1813 πατέρων
511 1737 575 1792 τῶν
599 1739 717 1793 έαυτοῦ
731 1735 887 1815 Ἲσίδωροςθ
924 1741 980 1798 Νῦν
991 1739 1013 1796 θ’
1024 1739 1074 1811 ἤδη
1088 1739 1145 1798 καθ’
1156 1739 1248 1807 airola
1260 1744 1416 1810 συνεστῶτες
1432 1746 1455 1802 ol
1470 1744 1571 1824 Πέρσαι
1585 1747 1708 1824 βασιλέας

98 1829 256 1910 Χαρακηνὸς
267 1829 430 1911 συγγραφεὺς
444 1830 602 1909 βασιλεύειν,
618 1830 663 1903 ira
672 1831 733 1911 τρία
743 1832 789 1890 καί
800 1832 886 1903 tvai-
924 1835 1028 1911 ἔχουσιν
1043 1835 1171 1906 ὑπηκόους
1183 1834 1279 1913 ἑτέροις
1291 1838 1442 1915 βασιλεῦσι,
1454 1838 1578 1919 πρότερον
1591 1841 1638 1915 μέν
1649 1843 1708 1902 Μα-

98 1948 174 1983 κοντα
189 1925 264 2002 βιοὺς
275 1923 402 2005 έπιθουλῇ
415 1928 545 2006 τάδελφοῦ
557 1927 690 2004 Γωσίθρου
702 1927 884 2006 ἐδολοφονήθη.
924 1929 1027 2002 κεδόσι,
1040 1933 1085 1986 νῦν
1099 1930 1126 1987 δὲ
1142 1931 1309 2010 Παρθυαίοις.
1326 1932 1501 2010 llujusmodi
1521 1957 1617 2014 regem
1635 1939 1707 1998 Per·

136 2049 149 2072 ·
166 2022 255 2080 lianc
283 2025 492 2094 Artaxerxem,
524 2023 692 2081 Dodwellus
715 2024 757 2080 ait
782 2041 813 2100 p.
835 2023 884 2097 57,
924 2043 1022 2081 sarum
1048 2025 1213 2100 designarit
1236 2026 1377 2096 lsidorus,
1394 2031 1444 2106 qui
1459 2030 1632 2091 Parthorum
1641 2033 1705 2110 juri

100 2119 207 2174 Ochum
220 2117 312 2175 fuisse
325 2116 450 2176 credidit
461 2117 507 2174 (ll.
518 2115 656 2192 Vossius,
666 2136 753 2194 quem
763 2130 793 2174 et
806 2123 887 2175 Arta·
925 2119 1012 2176 luerit
1025 2119 1188 2197 obnoxius,
1203 2121 1233 2178 in
1248 2121 1372 2180 Parthiae
1385 2125 1571 2200 perlegatico.
1586 2127 1705 2186 ldenim

96 2213 197 2270 xerxis
234 2229 396 2287 cognomen
428 2213 600 2270 assumsisse
623 2211 707 2270 docet
738 2212 886 2271 Diodorus
924 2215 1070 2290 agitabant
1093 2217 1237 2274 Arsacidae
1252 2228 1283 2274 ut
1301 2237 1383 2293 reges
1408 2239 1507 2294 regum
1522 2223 1706 2299 appellaren-

96 2306 141 2368 01.
160 2314 234 2378 roi,
259 2307 278 2363 3
300 2305 352 2365 lib.
373 2301 434 2380 xv,
449 2309 487 2383 93
504 2321 533 2365 et
544 2327 658 2365 veneno
676 2307 822 2367 sublatum
837 2311 884 2366 ΟΙ.
924 2323 983 2380 tur,
1001 2325 1033 2369 ιιι
1045 2331 1061 2368 e
1073 2313 1172 2370 multis
1185 2325 1296 2370 constat
1308 2316 1515 2374 monumentis.
1539 2316 1622 2375 llunc
1638 2319 1706 2376 titu-

100 2401 261 2472 111,alib.
274 2401 370 2474 XVll,
387 2404 417 2463 5.
427 2403 486 2460 Sed
498 2403 535 2462 ab
548 2407 706 2463 Artaxerxe
721 2405 775 2464 illo
784 2408 886 2465 alienae
924 2407 983 2464 lum
999 2427 1058 2484 quo
1070 2407 1183 2464 meliori
1198 2407 1268 2484 jure
1289 2409 1393 2466 mereri
1411 2409 1593 2482 riderentur,
1612 2411 1640 2470 id
1658 2433 1704 2472 sa-

98 2512 165 2557 sunt
176 2512 257 2558 notae
268 2500 438 2558 Artaxerxis
449 2500 616 2561 isidoriani.
633 2501 795 2561 Nectamen
807 2505 885 2562 ullus
923 2502 1083 2578 trapiarum
1110 2501 1240 2560 omnium
1268 2501 1431 2561 rectoribus
1458 2505 1653 2564 concedebant
1675 2523 1707 2566 ιιι

96 2608 137 2652 est
146 2593 410 2658 intervetustiores
420 2597 585 2655 Alexandro
593 2598 699 2674 Magno
709 2600 885 2659 Artaxerxes
924 2617 1005 2672 reges
1023 2599 1247 2676 appellarentur.
1272 2597 1341 2656 lnde
1358 2599 1464 2656 lactum
1488 2613 1519 2659 ut
1540 2602 1617 2678 apud
1639 2602 1706 2664 illos

96 2691 256 2750 Persarum
273 2711 356 2767 regas
370 2693 403 2750 in
416 2713 503 2770 quem
517 2695 703 2773 conveniant.
721 2696 776 2753 llic
787 2709 882 2754 autem
923 2693 1092 2752 tantundem
1112 2695 1221 2750 valeret
1230 2699 1311 2766 regui
1325 2713 1430 2751 nomen
1445 2707 1530 2771 atque
1540 2703 1704 2770 pruvincia.

96 2789 277 2847 Artaxerxes
289 2789 387 2848 ochus
397 2809 456 2847 non
471 2790 570 2849 fratris
582 2804 675 2862 certe,
689 2791 740 2850 sed
761 2793 886 2851 eunuchi
925 2786 996 2844 lnde
1010 2788 1126 2846 Plinius
1140 2787 1188 2858 Vl,
1211 2788 1247 2843 οῦ
1261 2806 1268 2846 :
1282 2791 1381 2863 liegna
1394 2791 1564 2846 Parthorum
1575 2795 1704 2850 ducitavi-

96 2886 201 2961 Bagoae
217 2886 510 2947 insidiisexstincms
528 2900 581 2946 est,
604 2890 788 2967 Tantumque
805 2890 886 2949 abest
922 2892 994 2959 girttt'
1014 2899 1091 2952 sitim
1112 2892 1151 2941 ita
1171 2890 1243 2940 enlm
1259 2888 1384 2940 dividunt
1401 2892 1570 2959 pmttt'ttci'as.
1588 2886 1707 2948 Solinus

95 2994 128 3037 ut
141 2980 284 3039 Gosethri
296 2980 395 3041 fratris
408 3002 499 3061 opera
523 2984 616 3041 vitam
636 2973 784 3055 amiserit,
803 2999 836 3042 ιιι
850 3005 885 3043 ne
923 3004 948 3039 c.
968 3000 1006 3055 ορ
1018 2979 1054 3037 de
1066 2980 1185 3038 Parthia
1198 2998 1205 3040 ε
1220 2986 1318 3055 regan
1334 2982 1501 3038 Parthorum
1523 2984 1709 3060 duodeviginti

94 3076 214 3152 quidem
227 3078 345 3135 fratrem
355 3096 391 3135 ρο
402 3079 518 3137 7012150
527 3081 764 3155 quovignomtne
776 3081 885 3138 habuc.
922 3089 995 3135 sunt.
1012 3076 1059 3133 Sic
1074 3076 1203 3133 Persidis
1219 3090 1351 3154 satrapa,
1362 3076 1447 3133 etiam
1463 3096 1553 3153 qutrm
1566 3078 1704 3137 Parthum

95 3171 780 3248 rit,qniinsidiasinillummoliretur.Filium
792 3176 883 3244 enim,
923 3172 1074 3228 dominum
1102 3184 1286 3244 agnosceret,
1316 3164 1392 3244 regis
1415 3184 1509 3228 tamen
1532 3171 1595 3248 ipse
1623 3174 1707 3233 titulo

95 3286 154 3326 non
170 3267 302 3339 fratrem,
325 3269 428 3327 Arsem
452 3270 665 3328 suffecitillius
681 3272 747 3330 rice
760 3272 880 3348 Bagoas.
924 3268 1086 3326 fruebatur.
1108 3267 1166 3324 Nee
1188 3266 1225 3325 ab
1252 3267 1424 3324 Artaxerxis
1446 3258 1563 3327 nornine
1596 3269 1706 3329 alienos

92 3362 131 3421 Et
141 3364 196 3422 lilii
211 3364 296 3424 Arsis
316 3364 454 3425 intribus
468 3366 603 3446 natisque
612 3367 749 3446 sublatis,
762 3371 883 3447 stirpem
922 3366 1012 3423 luisse
1024 3364 1159 3441 juniores
1177 3383 1293 3440 quoque
1306 3362 1424 3431 Persas,
1440 3362 1509 3421 inde
1523 3366 1705 3425 manifestum

93 3460 177 3519 illius
187 3461 356 3521 universam
380 3463 512 3539 sustulit,
532 3464 632 3540 ἐρήμου
644 3463 719 3531 ὄντος
732 3470 778 3522 τοῦ
802 3468 885 3545 βασι-
923 3474 982 3531 est,
1009 3458 1087 3537 quod
1111 3459 1297 3515 Artaxerxem
1320 3458 1472 3517 Persarum
1488 3477 1583 3534 regem
1603 3462 1707 3521 vicerit

93 3553 160 3622 λέως
174 3554 247 3615 aaa
258 3556 305 3614 καλ
320 3556 429 3633 μηδενὸς
445 3557 518 3624 ὄντος
530 3564 575 3617 τοῦ
589 3558 659 3618 nard
673 3558 745 3637 γένος
762 3558 885 3627 διαδεξα-
923 3555 1089 3615 Alexander
1103 3554 1229 3612 Severus
1243 3556 1412 3631 imperator,
1424 3567 1484 3611 tum
1499 3553 1596 3611 Persis
1610 3554 1706 3611 denuo

94 3648 174 3723 μένον
192 3649 243 3721 τὴν
257 3650 400 3730 appium.
424 3652 473 3710 Sic
487 3653 564 3710 enim
580 3653 742 3726 Diodorus,
760 3655 878 3713 fratrem
923 3652 1073 3729 pristinis,
1091 3648 1201 3726 quibus
1219 3648 1291 3705 olim
1315 3651 1409 3705 ornati
1433 3649 1565 3719 interant,
1587 3648 1706 3725 juribus

92 3758 172 3803 certe
184 3744 260 3803 Ochi
274 3746 387 3804 nullum
401 3746 491 3807 fuisse
502 3748 627 3806 innuens
639 3749 743 3825 Bagoae
753 3764 878 3808 metuen-
923 3745 1216 3825 quasiepostliminio
1226 3744 1705 3822 restitutis.Parthisitaquererum

91 3840 180 3911 dum,
196 3839 270 3897 alias
287 3842 390 3919 procul
410 3841 518 3917 dubio,
533 3843 559 3901 si
576 3844 643 3921 quis
662 3845 778 3917 suisset,
795 3846 878 3903 illius
923 3841 1119 3920 potientibus,
1131 3838 1305 3917 quarendus
1315 3840 1371 3897 erit
1384 3841 1558 3898 Artaxerxes
1570 3841 1620 3898 ille
1634 3840 1706 3899 Per·

92 3935 222 3993 eunuchi
244 3934 362 3995 insidiis
385 3936 600 4015 excipiendum.
615 3936 718 3997 Obstat
739 3951 878 4017 praeterea
922 3956 1019 3997 sarum
1032 3956 1084 3996 rex
1094 3938 1144 4015 qui
1156 3956 1269 3995 coaevus
1281 3936 1368 3995 suerit
1380 3936 1672 4015 parentibuslsidori.
1689 3966 1701 3990 υ

91 4045 159 4088 aetas
186 4051 276 4108 quam
299 4050 354 4090 suo
380 4036 535 4092 Artaxerxi
560 4033 708 4092 tribuebat
733 4034 874 4095 lsidorus.
966 4035 1030 4091 131.
1044 4032 1706 4091 llaecintersalsamultarectellodwellusclis-

91 4132 209 4184 Annum
219 4126 331 4185 scilicet
343 4126 457 4204 agebat,
472 4148 563 4205 quum
577 4130 798 4203 interficeretur,
818 4150 877 4187 no-
922 4128 1053 4208 putavit,
1070 4129 1175 4185 frustra
1189 4126 1365 4203 obloquente
1376 4127 1571 4185 Santi-crucio
1585 4126 1642 4206 (Ἴ,
1654 4131 1704 4204 qui

120 4272 154 4333 Γ)
164 4270 287 4321 Diodorus
297 4274 374 4329 xvii.
388 4272 448 4323 bila
462 4272 551 4322 habel:
569 4274 698 4333 Βαγώας...
709 4274 786 4323 ἀνεῖλε
799 4272 915 4337 φαρμάκῳ
932 4272 972 4321 τὸν
982 4268 1059 4333 Ὦχον
1073 4270 1112 4319 διαί
1120 4286 1181 4326 τινος
1200 4272 1290 4333 ἰατροῦ,
1302 4271 1342 4320 τὸν
1358 4270 1382 4319 δὲ
1394 4272 1508 4320 νεώτατον
1526 4276 1572 4319 τῶν
1593 4274 1650 4319 ultim
1662 4278 1704 4321 τοῦ

91 4342 206 4403 βασιλέως
215 4341 300 4405 Ἄρσην
311 4343 435 4405 εἰσήγαγεν
443 4345 476 4400 είς
486 4346 528 4403 τὴν
538 4345 666 4407 βασιλείαν.
676 4344 759 4395 haria
772 4346 798 4393 δὲ
809 4346 850 4392 και
861 4344 915 4399 τοὺς
925 4342 1034 4404 ἀδελφοὺς
1044 4346 1085 4389 τοῦ
1099 4342 1224 4403 βασιλέως,
1243 4341 1310 4397 δντας
1326 4342 1390 4397 νέους
1404 4344 1535 4401 παντελῶς,
1549 4342 1613 4397 ὅπως
1626 4358 1704 4403 μονω-

91 4414 133 4468 &lt
144 4415 160 4461 ὁ
176 4412 297 4468 νεανίσκοι
307 4415 395 4475 μᾶλλον
410 4414 515 4473 ῦπήκοος
527 4417 593 4479 αὐτῷ
602 4417 704 4477 γένηται.
720 4418 769 4465 Τοῦ
778 4416 803 4465 λλ
813 4413 934 4478 μειρακίω
945 4413 1140 4479 catastropham
1152 4412 1306 4475 παρανομίαις
1321 4412 1522 4474 προσκόπτοντος,
1544 4414 1584 4461 καί
1605 4418 1704 4477 φανεροῦ

90 4484 237 4540 ιαθιστιῦτος
252 4484 288 4531 ὅτι
297 4486 456 4547 τιμωρήσεται
473 4486 513 4533 τὸν
523 4485 633 4544 αὐθέντην
645 4490 692 4534 τῶν
709 4485 875 4547 ἀνομημάτων,
887 4483 977 4544 φθάσας
992 4484 1063 4532 αὐτοῦ
1077 4484 1118 4540 τὰς
1140 4483 1264 4539 έπιθουλδις
1274 4484 1287 4531 ὁ
1299 4483 1397 4544 Βαγώας
1409 4484 1483 4532 ἀνεῖλε
1497 4484 1536 4532 τὸν
1548 4484 1631 4545 Ἄρσην
1645 4484 1704 4544 μετὰ

90 4560 135 4601 τῶν
146 4557 238 4604 τέκνων
249 4554 325 4619 τρίτον
336 4556 386 4612 έτος
395 4557 440 4615 ἤδη
453 4556 617 4619 βασιλεύοντα.
625 4558 728 4620 'Euripos
738 4556 758 4605 δ’
772 4556 837 4612 θντος
844 4558 886 4605 τοῦ
897 4554 1013 4616 βασιλέως
1022 4554 1090 4602 οἶκου
1103 4555 1144 4601 καὶ
1154 4554 1251 4617 μηδενὸς
1265 4552 1329 4608 ὄντος
1340 4557 1382 4600 τοῦ
1397 4554 1458 4602 κατὰ
1467 4552 1532 4615 γένος
1542 4554 1704 4615 διαδεξομένου

89 4625 129 4680 vlt
137 4624 225 4687 ἂρχίιν,
235 4625 443 4688 προχειρισάμενος
454 4627 550 4675 θνατῶν
561 4628 634 4689 φίλων
642 4630 739 4690 Δαρεῖον
747 4626 833 4689 θνομα,
842 4625 919 4687 τούτῳ
928 4622 1136 4684 συγκατεσκεύασε
1148 4624 1190 4681 τήν
1200 4622 1329 4686 βασιλείαν.

118 4695 166 4754 (Ἵ
175 4698 250 4745 aaa.
262 4695 294 4745 de
303 4696 436 4746 laetati
448 4709 472 4758 p.
480 4701 526 4747 ιιι
539 4715 552 4739 ι
561 4697 683 4758 Ρουτουοι
694 4695 1038 4758 wormatiensem,
1051 4694 1183 4745 obarsit-it
1195 4707 1226 4756 pu
1235 4694 1286 4742 atre
1294 4690 1379 4741 techel
1386 4690 1416 4741 tle
1429 4691 1452 4742 la
1465 4694 1632 4754 conjuration.t
1647 4694 1704 4745 cela

89 4767 123 4811 ast
136 4764 313 4828 d’autantplus
326 4765 518 4827 misemblable,
527 4767 585 4829 qu'il
598 4768 664 4818 avait
675 4769 730 4816 tout
747 4766 883 4816 toraindro
894 4780 956 4830 pour
970 4766 1109 4825 lui-mamm
1125 4778 1166 4814 ear
1178 4762 1416 4814 Ochus-Artaxerxes
1427 4764 1491 4811 avait
1508 4764 1551 4813 iait
1560 4764 1651 4813 mourlr
1666 4777 1704 4813 us

89 4836 178 4883 autres
195 4834 281 4884 heres.
290 4838 326 4886 ce
335 4848 431 4899 passage
445 4835 567 4897 d'isidoro,
577 4838 689 4901 rapporte
702 4849 745 4900 par
757 4836 858 4897 hasien,
872 4851 935 4887 nous
954 4838 1031 4887 aurnit
1050 4836 1113 4885 donc
1129 4833 1243 4885 conserve
1259 4848 1293 4883 un
1307 4832 1364 4883 hait
1382 4832 1505 4884 d'histoha
1516 4834 1567 4897 qui,
1587 4846 1641 4883 sans
1653 4836 1704 4883 etta

89 4904 259 4967 ffilfflssrss'ffl
270 4909 310 4956 etl
320 4907 652 4971 patmoiamisemblable.
665 4910 783 4970 Ajoutons
789 4922 846 4972 (μισ,
858 4909 878 4958 si
886 4906 1162 4959 Artaxerxes-Mnemon
1171 4918 1185 4954 a
1194 4904 1280 4969 poasse
1288 4904 1423 4954 saoarriere
1433 4904 1529 4967 jusqu’a
1538 4902 1705 4966 quatre-vingt

90 4976 224 5038 tramam,
232 4990 280 5029 soa
291 4977 330 5027 ils
339 4978 524 5041 ochot,qurlni
535 4992 550 5029 a
561 4980 664 5031 ιοιτοου
676 4980 707 5029 de
719 4980 815 5042 νίαιςιει
824 4981 880 5031 una
891 4979 1029 5042 vingt-trois
1040 4990 1092 5039 ans,
1104 4990 1119 5027 a
1133 4990 1176 5039 pu,
1194 4988 1250 5026 sans
1264 4974 1348 5037 doute,
1364 4976 1457 5025 monrir
1465 4974 1527 5023 dans
1539 4975 1622 5035 onage
1643 4974 1701 5023 tras·

89 5048 185 5096 armoe.
197 5068 211 5091 ι
226 5049 322 5107 Quibus
337 5049 514 5113 suspicionibus
526 5050 565 5099 via
580 5064 665 5101 eorum
679 5064 735 5115 qum
751 5049 891 5100 Dodwellus
903 5050 1035 5113 disputarit
1049 5061 1201 5111 nequaqnam
1214 5046 1360 5111 infringitur.
1374 5046 1515 5096 Tlreodorus
1529 5044 1588 5094 Fini
1605 5045 1628 5093 in
1646 5044 1701 5097 Dit-

89 5119 219 5168 ιετίοιιοιια
242 5124 281 5170 De
301 5118 470 5170 remittente
488 5120 617 5183 (Gallina.
637 5125 709 5182 tait,
724 5134 749 5183 p.
767 5123 826 5182 tot)
839 5119 902 5183 aptrd
916 5120 1046 5169 lucianum
1059 5118 1104 5179 legi
1117 5118 1194 5166 voluit
1210 5116 1248 5165 inl
1264 5120 1310 5165 τῶν
1326 5116 1434 5179 πατέρων
1446 5114 1532 5173 αὐτοῦ,
1545 5112 1604 5161 adeo
1618 5118 1645 5161 ιιι
1658 5116 1701 5161 ltr-

91 5190 200 5239 latenes
215 5188 301 5241 οοίιιιο
311 5190 409 5239 virente
416 5188 496 5241 aditur
511 5192 579 5255 prbe
600 5191 727 5255 imperium
736 5192 840 5242 tenuisse
851 5192 951 5241 dicator.
965 5188 1035 5251 Qtrad
1044 5189 1154 5239 attulisse
1162 5187 1276 5239 attica.

1591 5269 1609 5320 s.
