3775 5750
741 372 959 435 vaurtim.
1657 391 1676 431 v

79 520 264 591 peragrare.
291 502 361 570 Nec
391 501 458 570 luit
477 497 629 597 posthac
647 526 713 572 cur
735 503 930 573 consilium
953 516 1142 591 mutarem,
1166 502 1331 599 quamvis
1347 502 1457 573 etiam
1475 500 1522 573 ab
1547 502 1676 573 exteris

80 620 281 691 hominibus
305 621 350 692 de
371 621 444 695 hoc
462 624 608 715 negotio
630 625 880 724 compellatus.
908 654 926 691 n
944 628 1030 697 Post
1055 623 1330 721 Bernhardynm
1346 624 1499 720 singulis
1524 622 1675 721 quidem

80 742 252 838 opusculis
274 742 398 815 denuo
418 744 571 817 edendis
593 746 731 842 optime
751 762 962 819 meruerunt
984 746 1210 834 Millerus,
1236 747 1528 835 Letronuius,
1551 746 1674 818 nott-

81 889 275 955 mannns,
301 868 536 939 Fabricius
553 884 589 939 et
609 870 819 965 nuperrime
840 870 1113 959 Meinekius,
1135 869 1200 941 sed
1219 869 1355 964 justam
1379 872 1546 942 omnium
1569 870 1676 941 colle·

79 989 226 1062 ctionem
241 1020 353 1065 nemo
370 996 538 1069 instituit.

120 1118 238 1209 ltaque
250 1115 403 1212 longum
417 1118 630 1214 perlustravi
644 1142 814 1216 campum
826 1119 929 1215 quasi
943 1112 1161 1206 iracundior,
1179 1120 1216 1188 in
1232 1142 1307 1213 qno
1320 1142 1402 1215 spes
1415 1121 1541 1189 inanes
1557 1117 1676 1213 legere

79 1252 153 1324 erat,
166 1264 255 1311 vana
265 1242 428 1330 consilia,
444 1258 608 1330 conatus,
617 1243 828 1331 tentamina,
842 1241 1003 1313 abortus.
1022 1242 1130 1313 Nunc
1143 1242 1286 1313 animos
1301 1240 1526 1312 deferbuisse
1541 1240 1674 1313 dixeris
1704 1218 1709 1227 .

78 1373 107 1426 et
121 1360 265 1433 clamori
287 1366 500 1436 successisse
519 1364 718 1437 silentium.
737 1368 779 1435 bt
799 1364 837 1435 in
856 1388 1002 1435 arenam
1019 1364 1094 1459 J‘am
1113 1362 1302 1436 descendit
1323 1365 1597 1435 strenuissimus
1612 1364 1676 1435 bn-

80 1507 194 1554 narnm
218 1485 407 1558 literarum
440 1504 700 1586 propugnator,
727 1494 904 1560 anmns
924 1493 1055 1559 Drnor.
1081 1492 1113 1559 ls
1137 1488 1245 1584 igitur
1269 1512 1385 1585 quum
1411 1486 1675 1559 ardentissimis

80 1608 180 1677 nostri
193 1610 257 1679 aevi
277 1610 410 1681 studiis
423 1610 686 1708 geographicis,
700 1611 836 1707 quibus
850 1625 953 1683 vetus
967 1610 1067 1681 orbis
1088 1635 1182 1682 nova
1198 1612 1236 1683 in
1250 1610 1347 1682 diem
1364 1610 1444 1682 luce
1459 1610 1673 1695 affunditur,

79 1726 236 1802 idoneum
257 1734 544 1805 instrumentum
558 1733 682 1805 deberi
690 1747 869 1823 censeret,
882 1757 1017 1829 corpus
1028 1732 1317 1829 geographorum
1331 1732 1586 1829 plenissimum
1602 1733 1672 1805 ela·

79 1849 183 1924 horari
199 1856 323 1950 jussit.
340 1861 454 1928 Curas
471 1857 591 1954 operis
609 1857 805 1927 leuunnio
823 1856 986 1952 mihique
1000 1855 1228 1949 conjunctim
1247 1856 1477 1927 sustinendas
1496 1856 1572 1951 jam
1590 1872 1674 1929 ante

79 1998 181 2047 annos
199 1978 342 2076 aliquot
354 1982 410 2051 vir
427 1979 684 2052 celeberrimus
702 1978 993 2051 demandaverat.
1014 1978 1084 2051 Sed
1109 1977 1290 2050 delineato
1314 1980 1373 2049 vix
1392 2003 1514 2075 opere,
1527 1983 1675 2051 Letron·

35 2117 36 2124 ¹
80 2099 179 2190 nium,
194 2102 321 2175 Galliae
339 2101 463 2191 decus,
485 2103 620 2199 vegetis
644 2104 682 2173 in
700 2102 805 2173 aunis
832 2103 944 2174 satum
965 2101 1137 2173 acerbum
1158 2102 1289 2197 patria,
1309 2100 1435 2188 literis,
1459 2102 1586 2171 amicis
1607 2104 1674 2172 eri·

80 2223 155 2315 puit.
169 2222 275 2293 Solus
300 2237 402 2294 tanto
419 2223 536 2293 acrius
553 2238 590 2293 et
617 2220 844 2319 desperantis
867 2222 941 2295 sere
967 2224 1051 2293 nisu
1071 2222 1108 2293 in
1143 2222 1305 2293 laborem
1333 2220 1546 2293 incumbere
1564 2224 1670 2319 coepi.

79 2348 179 2429 Quem
196 2348 227 2417 si
241 2347 373 2444 exequi
396 2346 487 2417 mihi
507 2371 655 2444 quoqne
676 2347 789 2418 satum
806 2346 1052 2443 denegaverit,
1071 2348 1108 2417 in
1128 2346 1281 2441 jacentis
1298 2345 1421 2417 locum
1441 2345 1531 2416 alins
1550 2371 1673 2419 succe·

81 2470 130 2541 det
141 2466 260 2567 ἔφεδρος
277 2499 287 2541 :
307 2496 389 2541 nam
404 2468 553 2542 conlido
568 2470 676 2566 genio
690 2470 832 2560 Didoti,
848 2471 913 2567 qui
929 2493 1046 2567 quum
1065 2483 1119 2542 tot
1137 2494 1247 2566 opera
1265 2466 1379 2539 ardua
1393 2470 1543 2566 speique
1558 2468 1674 2564 longae

81 2592 117 2662 ad
132 2597 263 2665 exitum
277 2594 429 2665 feliciter
438 2594 513 2689 jam
527 2592 749 2690 perduxerit,
766 2594 813 2665 de
823 2594 897 2666 hoc
910 2618 1058 2692 quoque
1074 2608 1113 2664 ut
1130 2594 1267 2689 optima
1279 2616 1431 2689 quaeque
1445 2616 1672 2688 auguramur,

81 2732 187 2788 auctor
206 2732 272 2789 est.

121 2841 318 2914 Consilium
349 2834 506 2914 instituti
533 2866 608 2940 quo
627 2840 744 2937 majus
758 2857 831 2933 est,
858 2857 961 2915 tanto
982 2843 1216 2940 paucioribus
1244 2841 1329 2914 licet
1351 2837 1672 2939 comprehendere.
1760 2897 1766 2904 .

82 2967 231 3037 Straboni
250 2966 360 3063 igitur
376 2981 412 3037 et
429 2965 622 3038 Ptolemaeo
639 2981 676 3037 et
704 2965 891 3064 Stephano
909 2969 1079 3063 Byzantio
1096 2993 1162 3039 sua
1177 2965 1327 3063 singulis
1355 2980 1463 3037 erunt
1482 2963 1673 3038 volumina

82 3089 276 3185 propediem
297 3089 358 3161 illa
373 3086 533 3179 edenda,
552 3091 740 3161 minorum
762 3106 895 3180 autem,
916 3117 1010 3188 quos
1027 3105 1175 3180 vocant,
1197 3089 1488 3188 geographorum
1508 3087 1674 3160 collectio

83 3212 222 3304 primum
237 3213 427 3286 exhibebit
441 3212 612 3311 periplos,
642 3215 855 3310 periegeses,
875 3215 989 3286 totius
1013 3213 1144 3286 mundi
1167 3227 1370 3311 systemata,
1389 3213 1487 3287 varia
1508 3226 1673 3308 excerpta

84 3338 312 3435 geographica,
332 3363 412 3434 quae
425 3337 464 3408 in
483 3336 672 3410 codicibus
687 3353 894 3435 supersunt.
906 3339 971 3408 llis
985 3337 1226 3432 subjicientur
1239 3335 1513 3434 deperditorum
1527 3359 1673 3430 geogra-

85 3459 222 3552 phorum
244 3463 444 3558 fragmenta
462 3477 659 3533 eveternm
678 3463 823 3558 scriptis
841 3461 1002 3534 collecta.
1017 3462 1031 3556 (
1044 3465 1133 3548 Qnae
1145 3461 1224 3532 sine
1236 3460 1388 3532 nomine
1402 3459 1559 3532 auctoris
1575 3456 1673 3554 apud

86 3581 354 3684 lexicographos,
366 3585 590 3676 scholiastes,
604 3585 870 3682 grammaticos,
881 3585 962 3656 aliis
978 3587 1016 3656 in
1032 3584 1138 3656 libris
1150 3583 1426 3657 obscurioribus
1437 3581 1673 3679 geographica

86 3706 130 3774 vel
143 3709 397 3807 topographica
416 3709 598 3806 leguntur,
618 3734 728 3806 porro
748 3733 830 3806 quar
849 3709 1157 3807 inscriptionibus
1175 3707 1427 3807 suppeditatur
1443 3722 1529 3805 apta·
1542 3720 1672 3778 nostrae

87 3828 126 3897 rei
143 3833 315 3930 supellex,
334 3857 377 3905 ea
399 3833 526 3904 omnia
541 3858 585 3904 ex
598 3833 786 3904 literarum
803 3831 933 3904 ordine
960 3831 1135 3930 disposita
1156 3833 1202 3905 ad
1227 3832 1363 3905 calcem
1388 3853 1568 3930 ponemus
1592 3832 1671 3901 Ste-

88 3953 179 4044 phani
198 3958 368 4053 Byzantii.
384 3958 398 4041 l
412 3957 553 4028 Deinde
576 3956 729 4028 habebis
748 3955 1003 4053 geographiam
1027 3957 1169 4054 imperii
1192 3955 1395 4052 Byzantini,
1415 3952 1670 4050 geographiam

90 4098 214 4168 sacram,
241 4080 499 4177 geographiam
525 4079 814 4152 ecclesiasticam.
831 4079 1052 4176 Appendicis
1076 4079 1158 4150 loco
1183 4077 1452 4174 subjungentur
1476 4079 1669 4174 geographi

91 4192 182 4286 latini,
205 4203 399 4288 itineraria,
431 4203 555 4275 tabula
586 4204 871 4300 Pentingeriana.
899 4204 1029 4275 Tribus
1050 4201 1125 4274 haec
1152 4202 1387 4274 absolventur
1402 4199 1672 4286 voluminibus,

91 4343 222 4413 qnorum
240 4352 421 4399 summam
437 4328 477 4398 in
495 4351 607 4399 unam
621 4352 741 4398 rerum
758 4328 1026 4424 nominumque
1041 4326 1203 4398 tabulam
1216 4325 1438 4421 colligemus.
1454 4325 1591 4409 Quarto
1607 4347 1671 4392 vo·

92 4441 206 4520 lumine
224 4451 384 4523 Arabum
397 4450 626 4547 geographos
645 4451 805 4521 minores
819 4451 984 4522 edendos
998 4451 1141 4522 curabit
1162 4451 1218 4520 vir
1232 4449 1456 4521 clarissimus·
1466 4446 1671 4544 harumque

92 4563 248 4645 literarum
263 4577 301 4647 in
316 4577 441 4673 paucis
456 4575 697 4672 peritissimus
715 4579 816 4647 Nom.
830 4580 1070 4646 Dssvsncsns.

129 4694 290 4768 Ordinem
308 4701 347 4770 in
363 4699 514 4796 singulis
527 4697 691 4796 partibus
702 4700 890 4796 sequimur
900 4699 1221 4796 chronologicum,
1238 4723 1313 4770 non
1332 4696 1382 4768 ita
1391 4709 1526 4782 tamen,
1540 4705 1583 4764 ut
1593 4691 1674 4763 ubi·

93 4836 148 4905 que
160 4819 245 4892 circa
262 4847 348 4893 eum
363 4822 597 4920 trepidemus.
616 4823 653 4892 Si
671 4845 754 4919 quae
766 4821 930 4916 ejusdem
948 4823 1020 4895 sere
1039 4825 1104 4895 aevi
1120 4824 1253 4920 scripta
1272 4822 1310 4892 in
1335 4819 1464 4891 eodem
1481 4829 1671 4889 versantur

94 4959 297 5034 argumento,
317 4970 584 5043 componemus
607 4971 667 5035 ea,
684 4946 852 5042 quamvis
875 4945 997 5044 dispar
1014 4971 1107 5044 opus
1131 4971 1174 5016 ex
1193 4945 1269 5040 lege
1288 4941 1546 5038 chronologica
1564 4940 1674 5008 inter-

96 5066 279 5149 ponendum
300 5068 403 5141 soret.
419 5074 530 5140 Porro
550 5070 580 5139 si
597 5069 773 5164 scriptum
796 5067 944 5165 aliquod
974 5069 1086 5139 aetatis
1108 5085 1163 5139 est
1185 5069 1317 5139 certius
1341 5091 1416 5136 non
1439 5059 1672 5143 definienda,

97 5179 141 5251 alii
153 5184 312 5286 jungetur
326 5192 446 5263 simili.
470 5193 584 5264 sicin
612 5192 731 5290 primo
748 5189 819 5261 hoc
838 5189 1023 5263 volumine
1049 5193 1219 5264 Arrianeo
1248 5189 1352 5261 Ponti
1375 5189 1506 5259 Euxini
1530 5184 1673 5282 periplo
