<?xml version="1.0" encoding="UTF-8"?>
<!DOCTYPE html PUBLIC "-//W3C//DTD XHTML 1.0 Transitional//EN"
    "http://www.w3.org/TR/xhtml1/DTD/xhtml1-transitional.dtd">
<html xmlns="http://www.w3.org/1999/xhtml" xml:lang="en" lang="en">
 <head>
  <title>
</title>
<meta http-equiv="Content-Type" content="text/html;charset=utf-8" />
  <meta name='ocr-system' content='tesseract 3.04.00' />
  <meta name='ocr-capabilities' content='ocr_page ocr_carea ocr_par ocr_line ocrx_word'/>
</head>
<body>
  <div class='ocr_page' id='page_1' title='image "./geographigraeci00unkngoog_0084.png"; bbox 0 0 3775 5750; ppageno 0'>
   <div class='ocr_carea' id='block_1_1' title="bbox 236 350 1187 411">
    <p class='ocr_par' dir='ltr' id='par_1_1' title="bbox 236 350 1187 411">
     <span class='ocr_line' id='line_1_1' title="bbox 236 350 1187 411; baseline 0 -2"><span class='ocrx_word' id='word_1_1' title='bbox 236 367 325 411; x_wconf 73' lang='lat' dir='ltr'>axau</span> <span class='ocrx_word' id='word_1_2' title='bbox 886 350 1187 410; x_wconf 68' lang='lat' dir='ltr'>mormannum.</span> 
     </span>
    </p>
   </div>
   <div class='ocr_carea' id='block_1_2' title="bbox 231 472 1864 5334">
    <p class='ocr_par' dir='ltr' id='par_1_2' title="bbox 231 472 1828 1412">
     <span class='ocr_line' id='line_1_2' title="bbox 235 472 1826 548; baseline 0.001 -19"><span class='ocrx_word' id='word_1_3' title='bbox 235 477 357 541; x_wconf 73' lang='lat' dir='ltr'>Devade,</span> <span class='ocrx_word' id='word_1_4' title='bbox 363 473 557 545; x_wconf 84' lang='lat' dir='ltr'>sonsCoralis‚</span> <span class='ocrx_word' id='word_1_5' title='bbox 567 474 707 548; x_wconf 78' lang='lat' dir='ltr'><em>Carphati,</em></span> <span class='ocrx_word' id='word_1_6' title='bbox 719 476 819 529; x_wconf 81' lang='lat' dir='ltr'>insuite</span> <span class='ocrx_word' id='word_1_7' title='bbox 826 478 907 543; x_wconf 86' lang='lat' dir='ltr'>Alcn,</span> <span class='ocrx_word' id='word_1_8' title='bbox 915 481 1021 531; x_wconf 87' lang='lat' dir='ltr'>Arnna·</span> <span class='ocrx_word' id='word_1_9' title='bbox 1062 477 1132 529; x_wconf 83' lang='lat' dir='ltr'>tibur</span> <span class='ocrx_word' id='word_1_10' title='bbox 1144 474 1320 531; x_wconf 79' lang='lat' dir='ltr'>utilissimam</span> <span class='ocrx_word' id='word_1_11' title='bbox 1332 486 1373 528; x_wconf 80' lang='lat' dir='ltr'>cst</span> <span class='ocrx_word' id='word_1_12' title='bbox 1383 474 1419 527; x_wconf 86' lang='lat' dir='ltr'>ab</span> <span class='ocrx_word' id='word_1_13' title='bbox 1431 474 1509 527; x_wconf 82' lang='lat' dir='ltr'><em>Oceli</em></span> <span class='ocrx_word' id='word_1_14' title='bbox 1517 472 1631 547; x_wconf 73' lang='lat' dir='ltr'>egredi),</span> <span class='ocrx_word' id='word_1_15' title='bbox 1649 474 1690 529; x_wconf 90' lang='lat' dir='ltr'>uti</span> <span class='ocrx_word' id='word_1_16' title='bbox 1704 474 1826 546; x_wconf 73' lang='lat' dir='ltr'>Agathin-</span> 
     </span>
     <span class='ocr_line' id='line_1_3' title="bbox 236 568 1827 646; baseline -0.001 -18"><span class='ocrx_word' id='word_1_17' title='bbox 236 574 351 636; x_wconf 84' lang='lat' dir='ltr'>methas,</span> <span class='ocrx_word' id='word_1_18' title='bbox 374 592 443 646; x_wconf 78' lang='lat' dir='ltr'>gens</span> <span class='ocrx_word' id='word_1_19' title='bbox 454 574 572 639; x_wconf 75' lang='lat' dir='ltr'>Darne5</span> <span class='ocrx_word' id='word_1_20' title='bbox 588 574 689 626; x_wconf 78' lang='lat' dir='ltr'>insuite</span> <span class='ocrx_word' id='word_1_21' title='bbox 708 572 875 640; x_wconf 78' lang='lat' dir='ltr'><em>Chelonitis,</em></span> <span class='ocrx_word' id='word_1_22' title='bbox 890 572 1022 641; x_wconf 68' lang='lat' dir='ltr'>Ichthro·</span> <span class='ocrx_word' id='word_1_23' title='bbox 1062 568 1161 626; x_wconf 85' lang='lat' dir='ltr'>chides</span> <span class='ocrx_word' id='word_1_24' title='bbox 1184 582 1212 625; x_wconf 91' lang='lat' dir='ltr'>et</span> <span class='ocrx_word' id='word_1_25' title='bbox 1233 568 1433 625; x_wconf 69' lang='lat' dir='ltr'>Artemidorus</span> <span class='ocrx_word' id='word_1_26' title='bbox 1454 568 1655 643; x_wconf 88' lang='lat' dir='ltr'>prodiderunt.</span> <span class='ocrx_word' id='word_1_27' title='bbox 1669 569 1758 626; x_wconf 81' lang='lat' dir='ltr'>Causa</span> <span class='ocrx_word' id='word_1_28' title='bbox 1771 592 1827 627; x_wconf 77' lang='lat' dir='ltr'>sero</span> 
     </span>
     <span class='ocr_line' id='line_1_4' title="bbox 233 664 1827 744; baseline -0.002 -20"><span class='ocrx_word' id='word_1_29' title='bbox 233 670 350 744; x_wconf 78' lang='lat' dir='ltr'>phogon</span> <span class='ocrx_word' id='word_1_30' title='bbox 356 672 459 734; x_wconf 71' lang='lat' dir='ltr'>neultra,</span> <span class='ocrx_word' id='word_1_31' title='bbox 468 670 590 724; x_wconf 83' lang='lat' dir='ltr'>Odanda</span> <span class='ocrx_word' id='word_1_32' title='bbox 597 670 1022 737; x_wconf 72' lang='lat' dir='ltr'>deserta,Baradesena,maltn=</span> <span class='ocrx_word' id='word_1_33' title='bbox 1062 686 1113 721; x_wconf 90' lang='lat' dir='ltr'>cur</span> <span class='ocrx_word' id='word_1_34' title='bbox 1134 686 1193 723; x_wconf 90' lang='lat' dir='ltr'>non</span> <span class='ocrx_word' id='word_1_35' title='bbox 1208 667 1317 721; x_wconf 90' lang='lat' dir='ltr'>monito</span> <span class='ocrx_word' id='word_1_36' title='bbox 1332 665 1439 721; x_wconf 89' lang='lat' dir='ltr'>lectore</span> <span class='ocrx_word' id='word_1_37' title='bbox 1450 664 1585 721; x_wconf 82' lang='lat' dir='ltr'>Pliniana</span> <span class='ocrx_word' id='word_1_38' title='bbox 1603 666 1730 721; x_wconf 90' lang='lat' dir='ltr'>narratio</span> <span class='ocrx_word' id='word_1_39' title='bbox 1743 687 1759 722; x_wconf 91' lang='lat' dir='ltr'>a</span> <span class='ocrx_word' id='word_1_40' title='bbox 1771 666 1827 722; x_wconf 86' lang='lat' dir='ltr'>Per-</span> 
     </span>
     <span class='ocr_line' id='line_1_5' title="bbox 236 759 1827 834; baseline -0.001 -15"><span class='ocrx_word' id='word_1_41' title='bbox 236 762 408 828; x_wconf 85' lang='lat' dir='ltr'>Sabreorum,</span> <span class='ocrx_word' id='word_1_42' title='bbox 417 764 543 834; x_wconf 82' lang='lat' dir='ltr'>flumina</span> <span class='ocrx_word' id='word_1_43' title='bbox 558 763 678 829; x_wconf 77' lang='lat' dir='ltr'><strong><em>Thanar,</em></strong></span> <span class='ocrx_word' id='word_1_44' title='bbox 695 770 835 831; x_wconf 81' lang='lat' dir='ltr'><em>Amnum,</em></span> <span class='ocrx_word' id='word_1_45' title='bbox 852 766 954 817; x_wconf 81' lang='lat' dir='ltr'>insula·</span> <span class='ocrx_word' id='word_1_46' title='bbox 966 766 1021 819; x_wconf 90' lang='lat' dir='ltr'>Do·</span> <span class='ocrx_word' id='word_1_47' title='bbox 1062 766 1121 820; x_wconf 87' lang='lat' dir='ltr'>sico</span> <span class='ocrx_word' id='word_1_48' title='bbox 1131 762 1197 819; x_wconf 86' lang='lat' dir='ltr'>sinu</span> <span class='ocrx_word' id='word_1_49' title='bbox 1209 760 1243 817; x_wconf 90' lang='lat' dir='ltr'>ad</span> <span class='ocrx_word' id='word_1_50' title='bbox 1259 761 1413 818; x_wconf 89' lang='lat' dir='ltr'>Arabicum</span> <span class='ocrx_word' id='word_1_51' title='bbox 1430 759 1528 817; x_wconf 88' lang='lat' dir='ltr'>subito</span> <span class='ocrx_word' id='word_1_52' title='bbox 1543 761 1699 831; x_wconf 87' lang='lat' dir='ltr'>transiliat,</span> <span class='ocrx_word' id='word_1_53' title='bbox 1715 776 1827 819; x_wconf 90' lang='lat' dir='ltr'>nontam</span> 
     </span>
     <span class='ocr_line' id='line_1_6' title="bbox 236 856 1827 933; baseline 0.001 -19"><span class='ocrx_word' id='word_1_54' title='bbox 236 866 312 928; x_wconf 76' lang='lat' dir='ltr'>rica,</span> <span class='ocrx_word' id='word_1_55' title='bbox 323 858 422 931; x_wconf 77' lang='lat' dir='ltr'>sonas</span> <span class='ocrx_word' id='word_1_56' title='bbox 432 862 572 924; x_wconf 82' lang='lat' dir='ltr'><em>Daulotos,</em></span> <span class='ocrx_word' id='word_1_57' title='bbox 588 862 676 917; x_wconf 86' lang='lat' dir='ltr'>Dora.</span> <span class='ocrx_word' id='word_1_58' title='bbox 687 862 797 915; x_wconf 73' lang='lat' dir='ltr'>Insula</span> <span class='ocrx_word' id='word_1_59' title='bbox 807 861 912 927; x_wconf 82' lang='lat' dir='ltr'>Pteros,</span> <span class='ocrx_word' id='word_1_60' title='bbox 927 862 1021 915; x_wconf 89' lang='lat' dir='ltr'>Loba-</span> <span class='ocrx_word' id='word_1_61' title='bbox 1062 858 1092 913; x_wconf 91' lang='lat' dir='ltr'>in</span> <span class='ocrx_word' id='word_1_62' title='bbox 1106 856 1257 915; x_wconf 83' lang='lat' dir='ltr'>codicibus</span> <span class='ocrx_word' id='word_1_63' title='bbox 1269 858 1373 914; x_wconf 88' lang='lat' dir='ltr'>lacuna</span> <span class='ocrx_word' id='word_1_64' title='bbox 1389 857 1500 913; x_wconf 90' lang='lat' dir='ltr'>mutilis</span> <span class='ocrx_word' id='word_1_65' title='bbox 1510 857 1695 932; x_wconf 70' lang='lat' dir='ltr'>quaesiverim</span> <span class='ocrx_word' id='word_1_66' title='bbox 1708 878 1787 933; x_wconf 90' lang='lat' dir='ltr'>quam</span> <span class='ocrx_word' id='word_1_67' title='bbox 1803 860 1827 915; x_wconf 89' lang='lat' dir='ltr'>in</span> 
     </span>
     <span class='ocr_line' id='line_1_7' title="bbox 237 952 1827 1028; baseline 0 -19"><span class='ocrx_word' id='word_1_68' title='bbox 237 961 320 1021; x_wconf 81' lang='lat' dir='ltr'>ranis,</span> <span class='ocrx_word' id='word_1_69' title='bbox 343 956 470 1023; x_wconf 79' lang='lat' dir='ltr'><em>Coboris,</em></span> <span class='ocrx_word' id='word_1_70' title='bbox 492 956 696 1010; x_wconf 79' lang='lat' dir='ltr'><em>Sambrachate</em></span> <span class='ocrx_word' id='word_1_71' title='bbox 717 968 746 1009; x_wconf 86' lang='lat' dir='ltr'>et</span> <span class='ocrx_word' id='word_1_72' title='bbox 770 958 902 1028; x_wconf 85' lang='lat' dir='ltr'>oppidum</span> <span class='ocrx_word' id='word_1_73' title='bbox 924 958 1021 1011; x_wconf 84' lang='lat' dir='ltr'>eodem</span> <span class='ocrx_word' id='word_1_74' title='bbox 1061 966 1142 1009; x_wconf 89' lang='lat' dir='ltr'>sueta</span> <span class='ocrx_word' id='word_1_75' title='bbox 1153 954 1280 1009; x_wconf 87' lang='lat' dir='ltr'>auctoris</span> <span class='ocrx_word' id='word_1_76' title='bbox 1295 952 1460 1009; x_wconf 76' lang='lat' dir='ltr'>festinantia</span> <span class='ocrx_word' id='word_1_77' title='bbox 1480 964 1508 1008; x_wconf 94' lang='lat' dir='ltr'>et</span> <span class='ocrx_word' id='word_1_78' title='bbox 1524 952 1689 1011; x_wconf 78' lang='lat' dir='ltr'>oscitantia.</span> <span class='ocrx_word' id='word_1_79' title='bbox 1701 952 1827 1009; x_wconf 80' lang='lat' dir='ltr'>Nimirum</span> 
     </span>
     <span class='ocr_line' id='line_1_8' title="bbox 237 1046 1827 1124; baseline 0 -19"><span class='ocrx_word' id='word_1_80' title='bbox 237 1058 349 1107; x_wconf 84' lang='lat' dir='ltr'>nomine</span> <span class='ocrx_word' id='word_1_81' title='bbox 369 1057 399 1105; x_wconf 88' lang='lat' dir='ltr'>in</span> <span class='ocrx_word' id='word_1_82' title='bbox 417 1055 582 1108; x_wconf 82' lang='lat' dir='ltr'>continente.</span> <span class='ocrx_word' id='word_1_83' title='bbox 603 1054 628 1104; x_wconf 81' lang='grc' dir='ltr'><em>Α</em></span> <span class='ocrx_word' id='word_1_84' title='bbox 650 1051 767 1104; x_wconf 86' lang='lat' dir='ltr'>meridie</span> <span class='ocrx_word' id='word_1_85' title='bbox 791 1054 890 1104; x_wconf 75' lang='lat' dir='ltr'>insulae</span> <span class='ocrx_word' id='word_1_86' title='bbox 911 1054 1015 1118; x_wconf 88' lang='lat' dir='ltr'>rnultce,</span> <span class='ocrx_word' id='word_1_87' title='bbox 1062 1067 1150 1123; x_wconf 90' lang='lat' dir='ltr'>quum</span> <span class='ocrx_word' id='word_1_88' title='bbox 1167 1061 1230 1124; x_wconf 90' lang='lat' dir='ltr'>post</span> <span class='ocrx_word' id='word_1_89' title='bbox 1244 1046 1350 1103; x_wconf 82' lang='lat' dir='ltr'>Canem</span> <span class='ocrx_word' id='word_1_90' title='bbox 1368 1047 1489 1103; x_wconf 90' lang='lat' dir='ltr'>lluvium</span> <span class='ocrx_word' id='word_1_91' title='bbox 1502 1048 1636 1104; x_wconf 87' lang='lat' dir='ltr'>Anaritas</span> <span class='ocrx_word' id='word_1_92' title='bbox 1649 1048 1827 1105; x_wconf 86' lang='lat' dir='ltr'>collocarire-</span> 
     </span>
     <span class='ocr_line' id='line_1_9' title="bbox 236 1141 1828 1221; baseline -0.001 -21"><span class='ocrx_word' id='word_1_93' title='bbox 236 1166 370 1202; x_wconf 76' lang='lat' dir='ltr'>macunen</span> <span class='ocrx_word' id='word_1_94' title='bbox 394 1148 526 1216; x_wconf 73' lang='lat' dir='ltr'>Camari,</span> <span class='ocrx_word' id='word_1_95' title='bbox 542 1148 653 1217; x_wconf 82' lang='lat' dir='ltr'>flumen</span> <span class='ocrx_word' id='word_1_96' title='bbox 666 1148 822 1213; x_wconf 80' lang='lat' dir='ltr'>Musecros,</span> <span class='ocrx_word' id='word_1_97' title='bbox 835 1160 932 1221; x_wconf 83' lang='lat' dir='ltr'>portas</span> <span class='ocrx_word' id='word_1_98' title='bbox 948 1150 1020 1202; x_wconf 68' lang='lat' dir='ltr'>lara·</span> <span class='ocrx_word' id='word_1_99' title='bbox 1061 1143 1199 1219; x_wconf 88' lang='lat' dir='ltr'>perisset,</span> <span class='ocrx_word' id='word_1_100' title='bbox 1212 1161 1261 1199; x_wconf 90' lang='lat' dir='ltr'>eos</span> <span class='ocrx_word' id='word_1_101' title='bbox 1276 1162 1341 1199; x_wconf 89' lang='lat' dir='ltr'>cum</span> <span class='ocrx_word' id='word_1_102' title='bbox 1360 1141 1510 1198; x_wconf 73' lang='lat' dir='ltr'>Maronitis</span> <span class='ocrx_word' id='word_1_103' title='bbox 1531 1142 1590 1199; x_wconf 88' lang='lat' dir='ltr'>alio</span> <span class='ocrx_word' id='word_1_104' title='bbox 1609 1143 1642 1199; x_wconf 90' lang='lat' dir='ltr'>in</span> <span class='ocrx_word' id='word_1_105' title='bbox 1660 1144 1722 1201; x_wconf 89' lang='lat' dir='ltr'>loco</span> <span class='ocrx_word' id='word_1_106' title='bbox 1736 1162 1828 1200; x_wconf 90' lang='lat' dir='ltr'>memo·</span> 
     </span>
     <span class='ocr_line' id='line_1_10' title="bbox 231 1238 1828 1317; baseline 0.003 -23"><span class='ocrx_word' id='word_1_107' title='bbox 231 1261 299 1317; x_wconf 82' lang='lat' dir='ltr'>pas.</span> <span class='ocrx_word' id='word_1_108' title='bbox 325 1244 447 1297; x_wconf 73' lang='lat' dir='ltr'>Scenitae</span> <span class='ocrx_word' id='word_1_109' title='bbox 464 1243 578 1309; x_wconf 79' lang='lat' dir='ltr'>Soboei3</span> <span class='ocrx_word' id='word_1_110' title='bbox 605 1244 707 1295; x_wconf 69' lang='lat' dir='ltr'>insulae</span> <span class='ocrx_word' id='word_1_111' title='bbox 732 1244 845 1309; x_wconf 70' lang='lat' dir='ltr'>inultae,</span> <span class='ocrx_word' id='word_1_112' title='bbox 867 1248 1021 1316; x_wconf 83' lang='lat' dir='ltr'>emporium</span> <span class='ocrx_word' id='word_1_113' title='bbox 1062 1242 1129 1296; x_wconf 87' lang='lat' dir='ltr'>ratis</span> <span class='ocrx_word' id='word_1_114' title='bbox 1155 1238 1321 1297; x_wconf 78' lang='lat' dir='ltr'>contudisse</span> <span class='ocrx_word' id='word_1_115' title='bbox 1332 1252 1361 1296; x_wconf 90' lang='lat' dir='ltr'>et</span> <span class='ocrx_word' id='word_1_116' title='bbox 1379 1240 1422 1296; x_wconf 90' lang='lat' dir='ltr'>sic</span> <span class='ocrx_word' id='word_1_117' title='bbox 1442 1239 1605 1314; x_wconf 82' lang='lat' dir='ltr'>incongrua</span> <span class='ocrx_word' id='word_1_118' title='bbox 1615 1239 1746 1315; x_wconf 82' lang='lat' dir='ltr'>junxisse</span> <span class='ocrx_word' id='word_1_119' title='bbox 1762 1243 1828 1299; x_wconf 83' lang='lat' dir='ltr'>vide·</span> 
     </span>
     <span class='ocr_line' id='line_1_11' title="bbox 233 1334 1828 1412; baseline -0.001 -20"><span class='ocrx_word' id='word_1_120' title='bbox 233 1358 326 1394; x_wconf 88' lang='lat' dir='ltr'>eorum</span> <span class='ocrx_word' id='word_1_121' title='bbox 348 1342 447 1407; x_wconf 84' lang='lat' dir='ltr'>Acila,</span> <span class='ocrx_word' id='word_1_122' title='bbox 462 1356 501 1394; x_wconf 76' lang='lat' dir='ltr'>en</span> <span class='ocrx_word' id='word_1_123' title='bbox 524 1357 577 1411; x_wconf 89' lang='lat' dir='ltr'>quo</span> <span class='ocrx_word' id='word_1_124' title='bbox 597 1343 626 1391; x_wconf 90' lang='lat' dir='ltr'>in</span> <span class='ocrx_word' id='word_1_125' title='bbox 640 1340 755 1393; x_wconf 77' lang='lat' dir='ltr'>Indiam</span> <span class='ocrx_word' id='word_1_126' title='bbox 780 1344 937 1412; x_wconf 73' lang='lat' dir='ltr'>navigatur.</span> <span class='ocrx_word' id='word_1_127' title='bbox 1061 1334 1263 1393; x_wconf 83' lang='lat' dir='ltr'>tur.Ceterttnt</span> <span class='ocrx_word' id='word_1_128' title='bbox 1284 1334 1379 1391; x_wconf 88' lang='lat' dir='ltr'>illud:</span> <span class='ocrx_word' id='word_1_129' title='bbox 1399 1338 1500 1391; x_wconf 81' lang='lat' dir='ltr'>Gentes·</span> <span class='ocrx_word' id='word_1_130' title='bbox 1524 1338 1729 1409; x_wconf 80' lang='lat' dir='ltr'>Epimaranitae</span> <span class='ocrx_word' id='word_1_131' title='bbox 1747 1350 1828 1394; x_wconf 86' lang='lat' dir='ltr'>ortum</span> 
     </span>
    </p>

    <p class='ocr_par' dir='ltr' id='par_1_3' title="bbox 233 1428 1864 5334">
     <span class='ocr_line' id='line_1_12' title="bbox 275 1428 1829 1507; baseline 0.001 -19"><span class='ocrx_word' id='word_1_132' title='bbox 275 1432 439 1507; x_wconf 80' lang='lat' dir='ltr'>llaecigitur</span> <span class='ocrx_word' id='word_1_133' title='bbox 450 1434 488 1489; x_wconf 90' lang='lat' dir='ltr'>ita</span> <span class='ocrx_word' id='word_1_134' title='bbox 496 1430 615 1502; x_wconf 89' lang='lat' dir='ltr'>habent,</span> <span class='ocrx_word' id='word_1_135' title='bbox 623 1444 654 1489; x_wconf 91' lang='lat' dir='ltr'>ut</span> <span class='ocrx_word' id='word_1_136' title='bbox 663 1431 976 1491; x_wconf 80' lang='lat' dir='ltr'>referendavideantur</span> <span class='ocrx_word' id='word_1_137' title='bbox 985 1432 1020 1489; x_wconf 93' lang='lat' dir='ltr'>ad</span> <span class='ocrx_word' id='word_1_138' title='bbox 1062 1432 1195 1507; x_wconf 89' lang='lat' dir='ltr'>suspicor</span> <span class='ocrx_word' id='word_1_139' title='bbox 1208 1448 1243 1487; x_wconf 86' lang='lat' dir='ltr'>ex</span> <span class='ocrx_word' id='word_1_140' title='bbox 1260 1429 1361 1503; x_wconf 62' lang='lat' dir='ltr'>grecis</span> <span class='ocrx_word' id='word_1_141' title='bbox 1374 1429 1420 1485; x_wconf 86' lang='lat' dir='ltr'>vel</span> <span class='ocrx_word' id='word_1_142' title='bbox 1436 1428 1603 1506; x_wconf 87' lang='lat' dir='ltr'>depravatis</span> <span class='ocrx_word' id='word_1_143' title='bbox 1616 1430 1661 1487; x_wconf 88' lang='lat' dir='ltr'>vel</span> <span class='ocrx_word' id='word_1_144' title='bbox 1676 1432 1771 1488; x_wconf 88' lang='lat' dir='ltr'>malea</span> <span class='ocrx_word' id='word_1_145' title='bbox 1784 1433 1829 1489; x_wconf 93' lang='lat' dir='ltr'>Pli-</span> 
     </span>
     <span class='ocr_line' id='line_1_13' title="bbox 233 1524 1828 1604; baseline -0.001 -20"><span class='ocrx_word' id='word_1_146' title='bbox 233 1548 328 1597; x_wconf 90' lang='lat' dir='ltr'>0ram‚</span> <span class='ocrx_word' id='word_1_147' title='bbox 353 1547 420 1603; x_wconf 79' lang='lat' dir='ltr'>quae</span> <span class='ocrx_word' id='word_1_148' title='bbox 451 1546 468 1583; x_wconf 91' lang='lat' dir='ltr'>a</span> <span class='ocrx_word' id='word_1_149' title='bbox 491 1526 571 1584; x_wconf 79' lang='lat' dir='ltr'>Cane</span> <span class='ocrx_word' id='word_1_150' title='bbox 598 1526 689 1585; x_wconf 87' lang='lat' dir='ltr'>fluvio</span> <span class='ocrx_word' id='word_1_151' title='bbox 712 1526 850 1604; x_wconf 81' lang='lat' dir='ltr'>deinceps</span> <span class='ocrx_word' id='word_1_152' title='bbox 875 1530 1019 1604; x_wconf 89' lang='lat' dir='ltr'>sequitur.</span> <span class='ocrx_word' id='word_1_153' title='bbox 1062 1526 1111 1582; x_wconf 93' lang='lat' dir='ltr'>nio</span> <span class='ocrx_word' id='word_1_154' title='bbox 1122 1526 1204 1583; x_wconf 84' lang='lat' dir='ltr'>lectis</span> <span class='ocrx_word' id='word_1_155' title='bbox 1219 1547 1226 1581; x_wconf 90' lang='lat'>:</span> <span class='ocrx_word' id='word_1_156' title='bbox 1244 1524 1302 1595; x_wconf 75' lang='grc' dir='ltr'><strong>ἔθνη</strong></span> <span class='ocrx_word' id='word_1_157' title='bbox 1318 1526 1373 1582; x_wconf 74' lang='lat' dir='ltr'>leel</span> <span class='ocrx_word' id='word_1_158' title='bbox 1386 1527 1554 1603; x_wconf 82' lang='grc' dir='ltr'>Μαρανῖται;</span> <span class='ocrx_word' id='word_1_159' title='bbox 1570 1526 1646 1583; x_wconf 91' lang='lat' dir='ltr'>haud</span> <span class='ocrx_word' id='word_1_160' title='bbox 1662 1528 1745 1585; x_wconf 86' lang='lat' dir='ltr'>semel</span> <span class='ocrx_word' id='word_1_161' title='bbox 1763 1528 1828 1585; x_wconf 90' lang='lat' dir='ltr'>enim</span> 
     </span>
     <span class='ocr_line' id='line_1_14' title="bbox 235 1621 1828 1701; baseline -0.001 -20"><span class='ocrx_word' id='word_1_162' title='bbox 235 1623 337 1700; x_wconf 90' lang='lat' dir='ltr'>ltaque</span> <span class='ocrx_word' id='word_1_163' title='bbox 353 1622 506 1682; x_wconf 86' lang='lat' dir='ltr'>Forsterus</span> <span class='ocrx_word' id='word_1_164' title='bbox 524 1622 563 1690; x_wconf 91' lang='lat' dir='ltr'>ll,</span> <span class='ocrx_word' id='word_1_165' title='bbox 577 1644 608 1701; x_wconf 90' lang='lat' dir='ltr'>p.</span> <span class='ocrx_word' id='word_1_166' title='bbox 626 1626 682 1680; x_wconf 75' lang='lat'>226</span> <span class='ocrx_word' id='word_1_167' title='bbox 699 1622 911 1700; x_wconf 85' lang='lat' dir='ltr'>Epimaranitas</span> <span class='ocrx_word' id='word_1_168' title='bbox 930 1624 1022 1685; x_wconf 91' lang='lat' dir='ltr'>Plinii</span> <span class='ocrx_word' id='word_1_169' title='bbox 1061 1621 1370 1701; x_wconf 82' lang='lat' dir='ltr'>ejusmodivitiaapud</span> <span class='ocrx_word' id='word_1_170' title='bbox 1378 1621 1505 1679; x_wconf 92' lang='lat' dir='ltr'>Plinium</span> <span class='ocrx_word' id='word_1_171' title='bbox 1516 1636 1686 1693; x_wconf 88' lang='lat' dir='ltr'>occurrunt,</span> <span class='ocrx_word' id='word_1_172' title='bbox 1696 1624 1773 1697; x_wconf 77' lang='lat' dir='ltr'>uttt,</span> <span class='ocrx_word' id='word_1_173' title='bbox 1788 1626 1828 1691; x_wconf 78' lang='lat'>25,</span> 
     </span>
     <span class='ocr_line' id='line_1_15' title="bbox 235 1715 1830 1796; baseline 0 -21"><span class='ocrx_word' id='word_1_174' title='bbox 235 1719 385 1795; x_wconf 88' lang='lat' dir='ltr'>componit</span> <span class='ocrx_word' id='word_1_175' title='bbox 397 1738 462 1775; x_wconf 91' lang='lat' dir='ltr'>cum</span> <span class='ocrx_word' id='word_1_176' title='bbox 476 1719 605 1775; x_wconf 74' lang='lat' dir='ltr'>Anaeitis</span> <span class='ocrx_word' id='word_1_177' title='bbox 616 1717 778 1788; x_wconf 73' lang='lat' dir='ltr'>Ptolemaei,</span> <span class='ocrx_word' id='word_1_178' title='bbox 794 1739 887 1796; x_wconf 90' lang='lat' dir='ltr'>porro</span> <span class='ocrx_word' id='word_1_179' title='bbox 901 1720 1021 1796; x_wconf 85' lang='lat' dir='ltr'>Epima-</span> <span class='ocrx_word' id='word_1_180' title='bbox 1061 1716 1113 1775; x_wconf 91' lang='lat' dir='ltr'>ubi</span> <span class='ocrx_word' id='word_1_181' title='bbox 1138 1736 1230 1791; x_wconf 75' lang='lat' dir='ltr'>graeca</span> <span class='ocrx_word' id='word_1_182' title='bbox 1245 1716 1317 1796; x_wconf 75' lang='lat' dir='ltr'>noph</span> <span class='ocrx_word' id='word_1_183' title='bbox 1337 1716 1437 1782; x_wconf 76' lang='grc' dir='ltr'>Βέατην</span> <span class='ocrx_word' id='word_1_184' title='bbox 1454 1715 1596 1795; x_wconf 82' lang='grc' dir='ltr'>παραρρέει</span> <span class='ocrx_word' id='word_1_185' title='bbox 1615 1718 1830 1775; x_wconf 75' lang='lat' dir='ltr'>reddunturver·</span> 
     </span>
     <span class='ocr_line' id='line_1_16' title="bbox 236 1810 1828 1890; baseline -0.001 -20"><span class='ocrx_word' id='word_1_186' title='bbox 236 1815 345 1871; x_wconf 88' lang='lat' dir='ltr'>ranitas</span> <span class='ocrx_word' id='word_1_187' title='bbox 355 1832 600 1890; x_wconf 79' lang='lat' dir='ltr'>peranagramma</span> <span class='ocrx_word' id='word_1_188' title='bbox 611 1812 670 1871; x_wconf 88' lang='lat' dir='ltr'>dicl</span> <span class='ocrx_word' id='word_1_189' title='bbox 685 1827 782 1871; x_wconf 87' lang='lat' dir='ltr'>censet</span> <span class='ocrx_word' id='word_1_190' title='bbox 796 1834 849 1890; x_wconf 87' lang='lat' dir='ltr'>pro</span> <span class='ocrx_word' id='word_1_191' title='bbox 866 1814 1022 1872; x_wconf 84' lang='lat' dir='ltr'>Rhamani-</span> <span class='ocrx_word' id='word_1_192' title='bbox 1061 1810 1108 1870; x_wconf 88' lang='lat' dir='ltr'>bis</span> <span class='ocrx_word' id='word_1_193' title='bbox 1127 1815 1299 1870; x_wconf 81' lang='lat' dir='ltr'>Parabesten</span> <span class='ocrx_word' id='word_1_194' title='bbox 1309 1814 1497 1888; x_wconf 70' lang='lat' dir='ltr'>praeterfluit(</span> <span class='ocrx_word' id='word_1_195' title='bbox 1511 1811 1542 1869; x_wconf 86' lang='lat' dir='ltr'>V.</span> <span class='ocrx_word' id='word_1_196' title='bbox 1558 1812 1694 1888; x_wconf 78' lang='lat' dir='ltr'>Prolegg.</span> <span class='ocrx_word' id='word_1_197' title='bbox 1711 1814 1743 1871; x_wconf 86' lang='lat' dir='ltr'>ad</span> <span class='ocrx_word' id='word_1_198' title='bbox 1756 1814 1828 1869; x_wconf 86' lang='lat' dir='ltr'>lsido</span> 
     </span>
     <span class='ocr_line' id='line_1_17' title="bbox 236 1906 1827 1987; baseline -0.002 -22"><span class='ocrx_word' id='word_1_199' title='bbox 236 1909 274 1966; x_wconf 87' lang='lat' dir='ltr'>tis</span> <span class='ocrx_word' id='word_1_200' title='bbox 298 1909 369 1983; x_wconf 83' lang='lat' dir='ltr'>(the</span> <span class='ocrx_word' id='word_1_201' title='bbox 378 1912 481 1983; x_wconf 76' lang='lat' dir='ltr'>prople</span> <span class='ocrx_word' id='word_1_202' title='bbox 500 1906 540 1979; x_wconf 86' lang='lat' dir='ltr'>os</span> <span class='ocrx_word' id='word_1_203' title='bbox 548 1910 668 1976; x_wconf 76' lang='lat' dir='ltr'>hamah,</span> <span class='ocrx_word' id='word_1_204' title='bbox 689 1910 838 1982; x_wconf 77' lang='lat' dir='ltr'>illegama</span> <span class='ocrx_word' id='word_1_205' title='bbox 852 1909 861 1985; x_wconf 88' lang='lat'>(</span> <span class='ocrx_word' id='word_1_206' title='bbox 877 1908 974 1987; x_wconf 88' lang='lat' dir='ltr'>Ptol.)</span> <span class='ocrx_word' id='word_1_207' title='bbox 991 1934 1024 1967; x_wconf 87' lang='lat' dir='ltr'>or</span> <span class='ocrx_word' id='word_1_208' title='bbox 1063 1926 1127 1964; x_wconf 88' lang='lat' dir='ltr'>rum</span> <span class='ocrx_word' id='word_1_209' title='bbox 1143 1906 1263 1965; x_wconf 89' lang='lat' dir='ltr'>Charac.</span> <span class='ocrx_word' id='word_1_210' title='bbox 1277 1908 1297 1983; x_wconf 88' lang='lat'>).</span> <span class='ocrx_word' id='word_1_211' title='bbox 1310 1906 1422 1963; x_wconf 78' lang='lat' dir='ltr'>-rost</span> <span class='ocrx_word' id='word_1_212' title='bbox 1438 1906 1593 1963; x_wconf 88' lang='lat' dir='ltr'>hlaranitas</span> <span class='ocrx_word' id='word_1_213' title='bbox 1613 1908 1827 1983; x_wconf 85' lang='lat' dir='ltr'>sequunturlch·</span> 
     </span>
     <span class='ocr_line' id='line_1_18' title="bbox 233 2002 1829 2080; baseline 0.001 -23"><span class='ocrx_word' id='word_1_214' title='bbox 233 2003 341 2057; x_wconf 82' lang='lat' dir='ltr'>llliunrs</span> <span class='ocrx_word' id='word_1_215' title='bbox 360 2005 386 2078; x_wconf 87' lang='lat'>),·</span> <span class='ocrx_word' id='word_1_216' title='bbox 427 2006 538 2058; x_wconf 85' lang='lat' dir='ltr'>Acilam</span> <span class='ocrx_word' id='word_1_217' title='bbox 568 2015 664 2060; x_wconf 87' lang='lat' dir='ltr'>autem</span> <span class='ocrx_word' id='word_1_218' title='bbox 697 2004 864 2080; x_wconf 86' lang='lat' dir='ltr'>emporium</span> <span class='ocrx_word' id='word_1_219' title='bbox 904 2005 1022 2062; x_wconf 91' lang='lat' dir='ltr'>nomine</span> <span class='ocrx_word' id='word_1_220' title='bbox 1062 2002 1388 2079; x_wconf 60' lang='lat' dir='ltr'>thynphagifflatcmip,</span> <span class='ocrx_word' id='word_1_221' title='bbox 1402 2002 1438 2058; x_wconf 90' lang='lat' dir='ltr'>ad</span> <span class='ocrx_word' id='word_1_222' title='bbox 1460 2022 1535 2078; x_wconf 77' lang='lat' dir='ltr'>(quos</span> <span class='ocrx_word' id='word_1_223' title='bbox 1551 2004 1697 2080; x_wconf 88' lang='lat' dir='ltr'>pertinere</span> <span class='ocrx_word' id='word_1_224' title='bbox 1713 2004 1829 2060; x_wconf 88' lang='lat' dir='ltr'>videntur</span> 
     </span>
     <span class='ocr_line' id='line_1_19' title="bbox 235 2095 1828 2174; baseline 0 -22"><span class='ocrx_word' id='word_1_225' title='bbox 235 2109 264 2152; x_wconf 87' lang='lat' dir='ltr'>et</span> <span class='ocrx_word' id='word_1_226' title='bbox 280 2096 339 2154; x_wconf 90' lang='lat' dir='ltr'>situ</span> <span class='ocrx_word' id='word_1_227' title='bbox 361 2096 538 2174; x_wconf 89' lang='lat' dir='ltr'>respondere</span> <span class='ocrx_word' id='word_1_228' title='bbox 559 2095 703 2153; x_wconf 89' lang='lat' dir='ltr'>hodierno</span> <span class='ocrx_word' id='word_1_229' title='bbox 725 2099 862 2174; x_wconf 81' lang='lat' dir='ltr'>Alcen,</span> <span class='ocrx_word' id='word_1_230' title='bbox 886 2100 966 2174; x_wconf 91' lang='lat' dir='ltr'>quod</span> <span class='ocrx_word' id='word_1_231' title='bbox 991 2102 1022 2159; x_wconf 91' lang='lat' dir='ltr'>in</span> <span class='ocrx_word' id='word_1_232' title='bbox 1062 2097 1209 2173; x_wconf 85' lang='lat' dir='ltr'>Bathymi,</span> <span class='ocrx_word' id='word_1_233' title='bbox 1237 2100 1414 2170; x_wconf 73' lang='grc' dir='ltr'>Βαθυμανεῐς,</span> <span class='ocrx_word' id='word_1_234' title='bbox 1445 2096 1676 2172; x_wconf 79' lang='lat' dir='ltr'>Agatharchidis.</span> <span class='ocrx_word' id='word_1_235' title='bbox 1714 2102 1828 2156; x_wconf 76' lang='lat' dir='ltr'>Eblitren</span> 
     </span>
     <span class='ocr_line' id='line_1_20' title="bbox 236 2192 1828 2270; baseline 0 -21"><span class='ocrx_word' id='word_1_236' title='bbox 236 2212 342 2269; x_wconf 87' lang='lat' dir='ltr'>tuappa</span> <span class='ocrx_word' id='word_1_237' title='bbox 358 2212 412 2250; x_wconf 86' lang='lat' dir='ltr'>sua</span> <span class='ocrx_word' id='word_1_238' title='bbox 430 2192 581 2250; x_wconf 84' lang='lat' dir='ltr'>Forsterus</span> <span class='ocrx_word' id='word_1_239' title='bbox 602 2194 687 2270; x_wconf 90' lang='lat' dir='ltr'>ponit</span> <span class='ocrx_word' id='word_1_240' title='bbox 707 2198 868 2251; x_wconf 81' lang='lat' dir='ltr'>aMarcote</span> <span class='ocrx_word' id='word_1_241' title='bbox 881 2196 1021 2253; x_wconf 84' lang='lat' dir='ltr'>orientem</span> <span class='ocrx_word' id='word_1_242' title='bbox 1063 2192 1283 2250; x_wconf 88' lang='lat' dir='ltr'>montcsdixerit</span> <span class='ocrx_word' id='word_1_243' title='bbox 1293 2204 1455 2270; x_wconf 79' lang='lat' dir='ltr'>praeruptos</span> <span class='ocrx_word' id='word_1_244' title='bbox 1472 2193 1596 2249; x_wconf 84' lang='lat' dir='ltr'>vertices</span> <span class='ocrx_word' id='word_1_245' title='bbox 1616 2212 1692 2269; x_wconf 90' lang='lat' dir='ltr'>pone</span> <span class='ocrx_word' id='word_1_246' title='bbox 1704 2194 1765 2250; x_wconf 91' lang='lat' dir='ltr'>hod.</span> <span class='ocrx_word' id='word_1_247' title='bbox 1777 2198 1828 2249; x_wconf 80' lang='lat' dir='ltr'>ilo-</span> 
     </span>
     <span class='ocr_line' id='line_1_21' title="bbox 235 2286 1828 2365; baseline 0.002 -24"><span class='ocrx_word' id='word_1_248' title='bbox 235 2306 338 2344; x_wconf 86' lang='lat' dir='ltr'>versus</span> <span class='ocrx_word' id='word_1_249' title='bbox 354 2306 389 2344; x_wconf 93' lang='lat' dir='ltr'>eo</span> <span class='ocrx_word' id='word_1_250' title='bbox 404 2288 436 2343; x_wconf 89' lang='lat' dir='ltr'>in</span> <span class='ocrx_word' id='word_1_251' title='bbox 445 2286 510 2344; x_wconf 90' lang='lat' dir='ltr'>loco</span> <span class='ocrx_word' id='word_1_252' title='bbox 523 2286 575 2344; x_wconf 88' lang='lat' dir='ltr'>ubi</span> <span class='ocrx_word' id='word_1_253' title='bbox 586 2288 617 2344; x_wconf 92' lang='lat' dir='ltr'>in</span> <span class='ocrx_word' id='word_1_254' title='bbox 632 2289 700 2346; x_wconf 89' lang='lat' dir='ltr'>aliis</span> <span class='ocrx_word' id='word_1_255' title='bbox 714 2287 820 2346; x_wconf 84' lang='lat' dir='ltr'>tabulis</span> <span class='ocrx_word' id='word_1_256' title='bbox 834 2302 951 2346; x_wconf 90' lang='lat' dir='ltr'>notatur</span> <span class='ocrx_word' id='word_1_257' title='bbox 965 2294 1023 2348; x_wconf 88' lang='lat' dir='ltr'>llas</span> <span class='ocrx_word' id='word_1_258' title='bbox 1063 2289 1123 2343; x_wconf 89' lang='lat' dir='ltr'>ilah</span> <span class='ocrx_word' id='word_1_259' title='bbox 1136 2288 1216 2357; x_wconf 88' lang='lat' dir='ltr'>sitos,</span> <span class='ocrx_word' id='word_1_260' title='bbox 1230 2307 1354 2363; x_wconf 91' lang='lat' dir='ltr'>quorum</span> <span class='ocrx_word' id='word_1_261' title='bbox 1370 2286 1596 2361; x_wconf 77' lang='lat' dir='ltr'>Agatharchides</span> <span class='ocrx_word' id='word_1_262' title='bbox 1615 2308 1728 2365; x_wconf 90' lang='lat' dir='ltr'>quoque</span> <span class='ocrx_word' id='word_1_263' title='bbox 1741 2290 1828 2345; x_wconf 82' lang='lat' dir='ltr'>uicini·</span> 
     </span>
     <span class='ocr_line' id='line_1_22' title="bbox 235 2382 1828 2461; baseline 0.001 -24"><span class='ocrx_word' id='word_1_264' title='bbox 235 2385 340 2439; x_wconf 76' lang='lat' dir='ltr'>lleiran</span> <span class='ocrx_word' id='word_1_265' title='bbox 354 2395 383 2441; x_wconf 91' lang='lat' dir='ltr'>et</span> <span class='ocrx_word' id='word_1_266' title='bbox 398 2385 478 2457; x_wconf 74' lang='lat' dir='ltr'>regio</span> <span class='ocrx_word' id='word_1_267' title='bbox 498 2384 680 2455; x_wconf 74' lang='lat' dir='ltr'>Atcararey.</span> <span class='ocrx_word' id='word_1_268' title='bbox 698 2382 747 2439; x_wconf 86' lang='lat' dir='ltr'>Sic</span> <span class='ocrx_word' id='word_1_269' title='bbox 763 2386 862 2440; x_wconf 89' lang='lat' dir='ltr'>omnia</span> <span class='ocrx_word' id='word_1_270' title='bbox 877 2384 937 2451; x_wconf 88' lang='lat' dir='ltr'>illa,</span> <span class='ocrx_word' id='word_1_271' title='bbox 957 2405 1023 2461; x_wconf 74' lang='lat' dir='ltr'>quae</span> <span class='ocrx_word' id='word_1_272' title='bbox 1064 2383 1118 2440; x_wconf 92' lang='lat' dir='ltr'>nit.</span> <span class='ocrx_word' id='word_1_273' title='bbox 1137 2388 1272 2439; x_wconf 80' lang='lat' dir='ltr'>Onrcenus</span> <span class='ocrx_word' id='word_1_274' title='bbox 1291 2383 1353 2440; x_wconf 87' lang='lat' dir='ltr'>sive</span> <span class='ocrx_word' id='word_1_275' title='bbox 1373 2387 1493 2437; x_wconf 77' lang='lat' dir='ltr'>tituenus</span> <span class='ocrx_word' id='word_1_276' title='bbox 1506 2386 1554 2455; x_wconf 86' lang='lat' dir='ltr'>(v.</span> <span class='ocrx_word' id='word_1_277' title='bbox 1576 2384 1665 2457; x_wconf 73' lang='lat' dir='ltr'>lect.)</span> <span class='ocrx_word' id='word_1_278' title='bbox 1687 2384 1775 2442; x_wconf 89' lang='lat' dir='ltr'>insula</span> <span class='ocrx_word' id='word_1_279' title='bbox 1795 2398 1828 2439; x_wconf 86' lang='lat' dir='ltr'>est</span> 
     </span>
     <span class='ocr_line' id='line_1_23' title="bbox 234 2474 1827 2554; baseline 0 -21"><span class='ocrx_word' id='word_1_280' title='bbox 234 2497 272 2533; x_wconf 87' lang='lat' dir='ltr'>ex</span> <span class='ocrx_word' id='word_1_281' title='bbox 283 2476 382 2533; x_wconf 89' lang='lat' dir='ltr'>Plinio</span> <span class='ocrx_word' id='word_1_282' title='bbox 394 2475 618 2554; x_wconf 86' lang='lat' dir='ltr'>adscripsimus,</span> <span class='ocrx_word' id='word_1_283' title='bbox 633 2476 670 2535; x_wconf 84' lang='lat' dir='ltr'>ad</span> <span class='ocrx_word' id='word_1_284' title='bbox 686 2474 805 2534; x_wconf 78' lang='lat' dir='ltr'>brevem</span> <span class='ocrx_word' id='word_1_285' title='bbox 820 2497 879 2534; x_wconf 81' lang='lat' dir='ltr'>orae</span> <span class='ocrx_word' id='word_1_286' title='bbox 899 2492 1022 2536; x_wconf 88' lang='lat' dir='ltr'>tractum</span> <span class='ocrx_word' id='word_1_287' title='bbox 1065 2476 1147 2534; x_wconf 80' lang='grc' dir='ltr'>Αἴνου</span> <span class='ocrx_word' id='word_1_288' title='bbox 1172 2480 1250 2545; x_wconf 77' lang='grc' dir='ltr'>νῆσος</span> <span class='ocrx_word' id='word_1_289' title='bbox 1279 2476 1445 2545; x_wconf 71' lang='lat' dir='ltr'>Ptolemaei,</span> <span class='ocrx_word' id='word_1_290' title='bbox 1460 2476 1602 2533; x_wconf 88' lang='lat' dir='ltr'>hodierna</span> <span class='ocrx_word' id='word_1_291' title='bbox 1632 2483 1753 2535; x_wconf 79' lang='lat' dir='ltr'>Naarda.</span> <span class='ocrx_word' id='word_1_292' title='bbox 1778 2477 1827 2533; x_wconf 77' lang='lat' dir='ltr'>Vox</span> 
     </span>
     <span class='ocr_line' id='line_1_24' title="bbox 236 2570 1828 2649; baseline 0 -20"><span class='ocrx_word' id='word_1_293' title='bbox 236 2572 427 2649; x_wconf 69' lang='lat' dir='ltr'>prominerent,</span> <span class='ocrx_word' id='word_1_294' title='bbox 438 2592 524 2647; x_wconf 83' lang='lat' dir='ltr'>quern</span> <span class='ocrx_word' id='word_1_295' title='bbox 535 2571 613 2629; x_wconf 78' lang='lat' dir='ltr'>iuba</span> <span class='ocrx_word' id='word_1_296' title='bbox 622 2571 804 2646; x_wconf 77' lang='lat' dir='ltr'>incognitum</span> <span class='ocrx_word' id='word_1_297' title='bbox 818 2572 905 2644; x_wconf 80' lang='lat' dir='ltr'>dixit,</span> <span class='ocrx_word' id='word_1_298' title='bbox 918 2573 947 2631; x_wconf 92' lang='lat' dir='ltr'>in</span> <span class='ocrx_word' id='word_1_299' title='bbox 963 2594 1022 2647; x_wconf 91' lang='lat' dir='ltr'>quo</span> <span class='ocrx_word' id='word_1_300' title='bbox 1062 2594 1107 2628; x_wconf 85' lang='lat' dir='ltr'>orn</span> <span class='ocrx_word' id='word_1_301' title='bbox 1126 2591 1202 2649; x_wconf 81' lang='lat' dir='ltr'>saepe</span> <span class='ocrx_word' id='word_1_302' title='bbox 1217 2570 1385 2629; x_wconf 90' lang='lat' dir='ltr'>nominibus</span> <span class='ocrx_word' id='word_1_303' title='bbox 1397 2573 1578 2647; x_wconf 83' lang='lat' dir='ltr'>praeligitur3</span> <span class='ocrx_word' id='word_1_304' title='bbox 1595 2576 1639 2631; x_wconf 88' lang='lat' dir='ltr'>sic</span> <span class='ocrx_word' id='word_1_305' title='bbox 1652 2576 1724 2632; x_wconf 87' lang='lat' dir='ltr'>inter</span> <span class='ocrx_word' id='word_1_306' title='bbox 1737 2574 1828 2632; x_wconf 87' lang='lat' dir='ltr'>insulas</span> 
     </span>
     <span class='ocr_line' id='line_1_25' title="bbox 235 2667 1824 2745; baseline -0.001 -20"><span class='ocrx_word' id='word_1_307' title='bbox 235 2667 410 2726; x_wconf 75' lang='lat' dir='ltr'>Ptolemaeus</span> <span class='ocrx_word' id='word_1_308' title='bbox 419 2669 536 2726; x_wconf 87' lang='lat' dir='ltr'>nonnisi</span> <span class='ocrx_word' id='word_1_309' title='bbox 551 2668 610 2725; x_wconf 92' lang='lat' dir='ltr'>duo</span> <span class='ocrx_word' id='word_1_310' title='bbox 627 2669 711 2725; x_wconf 84' lang='lat' dir='ltr'>novit</span> <span class='ocrx_word' id='word_1_311' title='bbox 721 2669 842 2745; x_wconf 88' lang='lat' dir='ltr'>oppida,</span> <span class='ocrx_word' id='word_1_312' title='bbox 859 2669 1023 2745; x_wconf 77' lang='lat' dir='ltr'>llhegmana</span> <span class='ocrx_word' id='word_1_313' title='bbox 1063 2668 1151 2745; x_wconf 87' lang='lat' dir='ltr'>hujus</span> <span class='ocrx_word' id='word_1_314' title='bbox 1173 2682 1280 2727; x_wconf 87' lang='lat' dir='ltr'>tractus</span> <span class='ocrx_word' id='word_1_315' title='bbox 1307 2682 1375 2726; x_wconf 88' lang='lat' dir='ltr'>sunt</span> <span class='ocrx_word' id='word_1_316' title='bbox 1405 2672 1650 2743; x_wconf 80' lang='lat' dir='ltr'>(tm-el-Hassant,</span> <span class='ocrx_word' id='word_1_317' title='bbox 1678 2674 1824 2745; x_wconf 69' lang='lat' dir='ltr'>Ora-girraI,</span> 
     </span>
     <span class='ocr_line' id='line_1_26' title="bbox 235 2761 1828 2843; baseline 0.001 -25"><span class='ocrx_word' id='word_1_318' title='bbox 235 2776 266 2818; x_wconf 89' lang='lat' dir='ltr'>et</span> <span class='ocrx_word' id='word_1_319' title='bbox 282 2761 403 2838; x_wconf 77' lang='grc' dir='ltr'>Κρυπτὸν</span> <span class='ocrx_word' id='word_1_320' title='bbox 431 2761 525 2835; x_wconf 80' lang='grc' dir='ltr'><strong>λιμένα</strong></span> <span class='ocrx_word' id='word_1_321' title='bbox 549 2762 600 2839; x_wconf 83' lang='lat' dir='ltr'>(h.</span> <span class='ocrx_word' id='word_1_322' title='bbox 620 2766 734 2818; x_wconf 80' lang='lat' dir='ltr'>Marcat</span> <span class='ocrx_word' id='word_1_323' title='bbox 747 2766 767 2838; x_wconf 86' lang='lat'>),</span> <span class='ocrx_word' id='word_1_324' title='bbox 781 2775 809 2819; x_wconf 89' lang='lat' dir='ltr'>et</span> <span class='ocrx_word' id='word_1_325' title='bbox 830 2763 914 2840; x_wconf 88' lang='lat' dir='ltr'>cujus</span> <span class='ocrx_word' id='word_1_326' title='bbox 928 2765 1023 2842; x_wconf 86' lang='lat' dir='ltr'>major</span> <span class='ocrx_word' id='word_1_327' title='bbox 1066 2770 1187 2822; x_wconf 80' lang='lat' dir='ltr'>Ona-ros.</span> <span class='ocrx_word' id='word_1_328' title='bbox 1198 2764 1305 2822; x_wconf 83' lang='lat' dir='ltr'>Contra</span> <span class='ocrx_word' id='word_1_329' title='bbox 1314 2770 1429 2821; x_wconf 81' lang='lat' dir='ltr'>Naarda</span> <span class='ocrx_word' id='word_1_330' title='bbox 1436 2766 1513 2843; x_wconf 88' lang='lat' dir='ltr'>jacet</span> <span class='ocrx_word' id='word_1_331' title='bbox 1523 2770 1580 2822; x_wconf 84' lang='lat' dir='ltr'>llas</span> <span class='ocrx_word' id='word_1_332' title='bbox 1590 2770 1742 2835; x_wconf 77' lang='lat' dir='ltr'>Mussarib,=</span> <span class='ocrx_word' id='word_1_333' title='bbox 1754 2786 1828 2841; x_wconf 89' lang='lat' dir='ltr'>prope</span> 
     </span>
     <span class='ocr_line' id='line_1_27' title="bbox 236 2856 1864 2944; baseline 0.002 -30"><span class='ocrx_word' id='word_1_334' title='bbox 236 2877 315 2934; x_wconf 88' lang='lat' dir='ltr'>pars,</span> <span class='ocrx_word' id='word_1_335' title='bbox 329 2857 434 2933; x_wconf 87' lang='lat' dir='ltr'>piratis</span> <span class='ocrx_word' id='word_1_336' title='bbox 451 2856 572 2928; x_wconf 84' lang='lat' dir='ltr'>iniesta,</span> <span class='ocrx_word' id='word_1_337' title='bbox 588 2856 724 2916; x_wconf 75' lang='lat' dir='ltr'>Arabicis</span> <span class='ocrx_word' id='word_1_338' title='bbox 742 2858 916 2936; x_wconf 75' lang='lat' dir='ltr'>geographis</span> <span class='ocrx_word' id='word_1_339' title='bbox 926 2860 1024 2936; x_wconf 78' lang='lat' dir='ltr'>ignota</span> <span class='ocrx_word' id='word_1_340' title='bbox 1064 2862 1143 2940; x_wconf 91' lang='lat' dir='ltr'>quod</span> <span class='ocrx_word' id='word_1_341' title='bbox 1156 2862 1220 2922; x_wconf 84' lang='lat' dir='ltr'>sort.</span> <span class='ocrx_word' id='word_1_342' title='bbox 1234 2876 1294 2920; x_wconf 89' lang='lat' dir='ltr'>erat</span> <span class='ocrx_word' id='word_1_343' title='bbox 1307 2883 1430 2939; x_wconf 86' lang='lat' dir='ltr'>sequens</span> <span class='ocrx_word' id='word_1_344' title='bbox 1444 2863 1520 2941; x_wconf 90' lang='lat' dir='ltr'>apud</span> <span class='ocrx_word' id='word_1_345' title='bbox 1537 2863 1665 2923; x_wconf 90' lang='lat' dir='ltr'>Plinium</span> <span class='ocrx_word' id='word_1_346' title='bbox 1677 2879 1770 2944; x_wconf 91' lang='lat' dir='ltr'>portus</span> <span class='ocrx_word' id='word_1_347' title='bbox 1780 2866 1829 2919; x_wconf 85' lang='lat' dir='ltr'>Mo</span> <span class='ocrx_word' id='word_1_348' title='bbox 1863 2909 1864 2918; x_wconf 71' lang='grc'>,</span> 
     </span>
     <span class='ocr_line' id='line_1_28' title="bbox 236 2954 1827 3038; baseline 0.001 -27"><span class='ocrx_word' id='word_1_349' title='bbox 236 2955 297 3012; x_wconf 84' lang='lat' dir='ltr'>iere</span> <span class='ocrx_word' id='word_1_350' title='bbox 310 2967 387 3025; x_wconf 87' lang='lat' dir='ltr'>erat,</span> <span class='ocrx_word' id='word_1_351' title='bbox 400 2954 486 3012; x_wconf 86' lang='lat' dir='ltr'>sicuti</span> <span class='ocrx_word' id='word_1_352' title='bbox 503 2956 588 3012; x_wconf 88' lang='lat' dir='ltr'>ctiam</span> <span class='ocrx_word' id='word_1_353' title='bbox 602 2975 680 3012; x_wconf 88' lang='lat' dir='ltr'>nunc</span> <span class='ocrx_word' id='word_1_354' title='bbox 695 2969 805 3012; x_wconf 90' lang='lat' dir='ltr'>tantum</span> <span class='ocrx_word' id='word_1_355' title='bbox 818 2975 877 3012; x_wconf 90' lang='lat' dir='ltr'>non</span> <span class='ocrx_word' id='word_1_356' title='bbox 892 2971 932 3015; x_wconf 89' lang='lat' dir='ltr'>est</span> <span class='ocrx_word' id='word_1_357' title='bbox 948 2969 1024 3017; x_wconf 84' lang='lat' dir='ltr'>terra</span> <span class='ocrx_word' id='word_1_358' title='bbox 1064 2958 1175 3017; x_wconf 80' lang='lat' dir='ltr'>cirorlre.</span> <span class='ocrx_word' id='word_1_359' title='bbox 1199 2959 1270 3016; x_wconf 85' lang='lat' dir='ltr'>Post</span> <span class='ocrx_word' id='word_1_360' title='bbox 1288 2958 1348 3016; x_wconf 82' lang='lat' dir='ltr'>baec</span> <span class='ocrx_word' id='word_1_361' title='bbox 1360 2973 1496 3018; x_wconf 90' lang='lat' dir='ltr'>notantur</span> <span class='ocrx_word' id='word_1_362' title='bbox 1509 2962 1633 3032; x_wconf 73' lang='lat' dir='ltr'>insulae,</span> <span class='ocrx_word' id='word_1_363' title='bbox 1649 2961 1827 3038; x_wconf 90' lang='lat' dir='ltr'>quibussuum</span> 
     </span>
     <span class='ocr_line' id='line_1_29' title="bbox 234 3050 1830 3131; baseline 0.001 -25"><span class='ocrx_word' id='word_1_364' title='bbox 234 3051 394 3125; x_wconf 79' lang='lat' dir='ltr'>incognita.</span> <span class='ocrx_word' id='word_1_365' title='bbox 415 3050 476 3108; x_wconf 86' lang='lat' dir='ltr'>lloc</span> <span class='ocrx_word' id='word_1_366' title='bbox 491 3070 562 3108; x_wconf 89' lang='lat' dir='ltr'>vero</span> <span class='ocrx_word' id='word_1_367' title='bbox 576 3052 683 3110; x_wconf 87' lang='lat' dir='ltr'>mirum</span> <span class='ocrx_word' id='word_1_368' title='bbox 694 3071 758 3109; x_wconf 87' lang='lat' dir='ltr'>esse</span> <span class='ocrx_word' id='word_1_369' title='bbox 776 3052 906 3124; x_wconf 82' lang='lat' dir='ltr'>dixeris3</span> <span class='ocrx_word' id='word_1_370' title='bbox 918 3055 1024 3112; x_wconf 87' lang='lat' dir='ltr'>deinde</span> <span class='ocrx_word' id='word_1_371' title='bbox 1065 3055 1170 3130; x_wconf 89' lang='lat' dir='ltr'>cuique</span> <span class='ocrx_word' id='word_1_372' title='bbox 1180 3054 1275 3110; x_wconf 89' lang='lat' dir='ltr'>locum</span> <span class='ocrx_word' id='word_1_373' title='bbox 1292 3055 1399 3112; x_wconf 87' lang='lat' dir='ltr'>certius</span> <span class='ocrx_word' id='word_1_374' title='bbox 1413 3057 1564 3131; x_wconf 82' lang='lat' dir='ltr'>assignare</span> <span class='ocrx_word' id='word_1_375' title='bbox 1574 3076 1635 3113; x_wconf 92' lang='lat' dir='ltr'>non</span> <span class='ocrx_word' id='word_1_376' title='bbox 1647 3057 1744 3114; x_wconf 89' lang='lat' dir='ltr'>audeo.</span> <span class='ocrx_word' id='word_1_377' title='bbox 1756 3055 1830 3112; x_wconf 82' lang='lat' dir='ltr'>lnxta</span> 
     </span>
     <span class='ocr_line' id='line_1_30' title="bbox 236 3148 1827 3230; baseline -0.001 -26"><span class='ocrx_word' id='word_1_378' title='bbox 236 3160 332 3206; x_wconf 88' lang='lat' dir='ltr'>autem</span> <span class='ocrx_word' id='word_1_379' title='bbox 350 3168 465 3225; x_wconf 82' lang='lat' dir='ltr'>quaeras</span> <span class='ocrx_word' id='word_1_380' title='bbox 476 3148 528 3224; x_wconf 88' lang='lat' dir='ltr'>qui</span> <span class='ocrx_word' id='word_1_381' title='bbox 545 3149 595 3206; x_wconf 89' lang='lat' dir='ltr'>liat</span> <span class='ocrx_word' id='word_1_382' title='bbox 609 3161 640 3206; x_wconf 90' lang='lat' dir='ltr'>ut</span> <span class='ocrx_word' id='word_1_383' title='bbox 658 3148 791 3222; x_wconf 83' lang='lat' dir='ltr'>Plinius,</span> <span class='ocrx_word' id='word_1_384' title='bbox 805 3149 841 3207; x_wconf 89' lang='lat' dir='ltr'>de</span> <span class='ocrx_word' id='word_1_385' title='bbox 853 3150 1023 3228; x_wconf 87' lang='lat' dir='ltr'>inhospitali</span> <span class='ocrx_word' id='word_1_386' title='bbox 1065 3169 1146 3206; x_wconf 90' lang='lat' dir='ltr'>oram</span> <span class='ocrx_word' id='word_1_387' title='bbox 1162 3167 1286 3225; x_wconf 83' lang='lat' dir='ltr'>pergens</span> <span class='ocrx_word' id='word_1_388' title='bbox 1297 3155 1422 3208; x_wconf 84' lang='lat' dir='ltr'>Issuram</span> <span class='ocrx_word' id='word_1_389' title='bbox 1433 3169 1588 3226; x_wconf 84' lang='lat' dir='ltr'>agnoscere</span> <span class='ocrx_word' id='word_1_390' title='bbox 1603 3163 1719 3230; x_wconf 82' lang='lat' dir='ltr'>putares</span> <span class='ocrx_word' id='word_1_391' title='bbox 1730 3153 1757 3208; x_wconf 92' lang='lat' dir='ltr'>in</span> <span class='ocrx_word' id='word_1_392' title='bbox 1771 3151 1827 3206; x_wconf 91' lang='lat' dir='ltr'>hod.</span> 
     </span>
     <span class='ocr_line' id='line_1_31' title="bbox 235 3241 1826 3326; baseline 0.001 -28"><span class='ocrx_word' id='word_1_393' title='bbox 235 3243 293 3300; x_wconf 89' lang='lat' dir='ltr'>ista</span> <span class='ocrx_word' id='word_1_394' title='bbox 314 3243 400 3319; x_wconf 78' lang='lat' dir='ltr'>plaga</span> <span class='ocrx_word' id='word_1_395' title='bbox 419 3241 597 3319; x_wconf 77' lang='lat' dir='ltr'>uberrimus,</span> <span class='ocrx_word' id='word_1_396' title='bbox 619 3263 700 3301; x_wconf 89' lang='lat' dir='ltr'>oram</span> <span class='ocrx_word' id='word_1_397' title='bbox 722 3248 803 3302; x_wconf 88' lang='lat' dir='ltr'>sinus</span> <span class='ocrx_word' id='word_1_398' title='bbox 815 3244 945 3317; x_wconf 87' lang='lat' dir='ltr'>Arabici,</span> <span class='ocrx_word' id='word_1_399' title='bbox 959 3267 1025 3324; x_wconf 81' lang='lat' dir='ltr'>quae</span> <span class='ocrx_word' id='word_1_400' title='bbox 1064 3245 1223 3316; x_wconf 81' lang='lat' dir='ltr'>Sayoarah,</span> <span class='ocrx_word' id='word_1_401' title='bbox 1236 3255 1265 3302; x_wconf 90' lang='lat' dir='ltr'>et</span> <span class='ocrx_word' id='word_1_402' title='bbox 1278 3246 1447 3302; x_wconf 78' lang='lat' dir='ltr'>Rhtnnoeam</span> <span class='ocrx_word' id='word_1_403' title='bbox 1459 3247 1466 3326; x_wconf 71' lang='lat' dir='ltr'>l</span> <span class='ocrx_word' id='word_1_404' title='bbox 1480 3251 1625 3303; x_wconf 85' lang='lat' dir='ltr'>Hnnoeom</span> <span class='ocrx_word' id='word_1_405' title='bbox 1637 3269 1666 3303; x_wconf 86' lang='lat' dir='ltr'>v.</span> <span class='ocrx_word' id='word_1_406' title='bbox 1679 3249 1699 3304; x_wconf 91' lang='lat' dir='ltr'>l.</span> <span class='ocrx_word' id='word_1_407' title='bbox 1712 3247 1720 3322; x_wconf 67' lang='lat' dir='ltr'>i</span> <span class='ocrx_word' id='word_1_408' title='bbox 1732 3248 1759 3303; x_wconf 91' lang='lat' dir='ltr'>in</span> <span class='ocrx_word' id='word_1_409' title='bbox 1770 3243 1826 3301; x_wconf 93' lang='lat' dir='ltr'>hod.</span> 
     </span>
     <span class='ocr_line' id='line_1_32' title="bbox 235 3336 1828 3418; baseline 0 -25"><span class='ocrx_word' id='word_1_410' title='bbox 235 3355 297 3413; x_wconf 71' lang='lat' dir='ltr'>prae</span> <span class='ocrx_word' id='word_1_411' title='bbox 307 3336 411 3395; x_wconf 88' lang='lat' dir='ltr'>ceteris</span> <span class='ocrx_word' id='word_1_412' title='bbox 427 3350 495 3396; x_wconf 91' lang='lat' dir='ltr'>nota</span> <span class='ocrx_word' id='word_1_413' title='bbox 505 3351 578 3409; x_wconf 87' lang='lat' dir='ltr'>erat,</span> <span class='ocrx_word' id='word_1_414' title='bbox 598 3339 650 3396; x_wconf 81' lang='lat' dir='ltr'>vix</span> <span class='ocrx_word' id='word_1_415' title='bbox 660 3339 719 3396; x_wconf 86' lang='lat' dir='ltr'>levi</span> <span class='ocrx_word' id='word_1_416' title='bbox 733 3339 872 3397; x_wconf 89' lang='lat' dir='ltr'>bracchio</span> <span class='ocrx_word' id='word_1_417' title='bbox 887 3343 1023 3416; x_wconf 77' lang='lat' dir='ltr'>tetigerit.</span> <span class='ocrx_word' id='word_1_418' title='bbox 1064 3341 1205 3406; x_wconf 75' lang='lat' dir='ltr'>libini-ah,</span> <span class='ocrx_word' id='word_1_419' title='bbox 1221 3339 1284 3408; x_wconf 88' lang='lat' dir='ltr'>vel,</span> <span class='ocrx_word' id='word_1_420' title='bbox 1300 3359 1389 3415; x_wconf 90' lang='lat' dir='ltr'>quum</span> <span class='ocrx_word' id='word_1_421' title='bbox 1402 3359 1435 3397; x_wconf 89' lang='lat' dir='ltr'>ea</span> <span class='ocrx_word' id='word_1_422' title='bbox 1449 3343 1611 3418; x_wconf 79' lang='lat' dir='ltr'>perexigua</span> <span class='ocrx_word' id='word_1_423' title='bbox 1625 3344 1673 3413; x_wconf 89' lang='lat' dir='ltr'>sit,</span> <span class='ocrx_word' id='word_1_424' title='bbox 1690 3343 1719 3399; x_wconf 89' lang='lat' dir='ltr'>in</span> <span class='ocrx_word' id='word_1_425' title='bbox 1730 3339 1828 3414; x_wconf 72' lang='grc' dir='ltr'>Ζυγαίνρ</span> 
     </span>
     <span class='ocr_line' id='line_1_33' title="bbox 235 3431 1828 3518; baseline 0.002 -30"><span class='ocrx_word' id='word_1_426' title='bbox 235 3431 330 3490; x_wconf 89' lang='lat' dir='ltr'>Porro</span> <span class='ocrx_word' id='word_1_427' title='bbox 351 3453 441 3509; x_wconf 89' lang='lat' dir='ltr'>quum</span> <span class='ocrx_word' id='word_1_428' title='bbox 463 3435 495 3490; x_wconf 90' lang='lat' dir='ltr'>in</span> <span class='ocrx_word' id='word_1_429' title='bbox 515 3433 705 3510; x_wconf 84' lang='lat' dir='ltr'>sequentibus</span> <span class='ocrx_word' id='word_1_430' title='bbox 732 3449 875 3494; x_wconf 89' lang='lat' dir='ltr'>memoret</span> <span class='ocrx_word' id='word_1_431' title='bbox 893 3442 1024 3494; x_wconf 84' lang='lat' dir='ltr'>Nauma—</span> <span class='ocrx_word' id='word_1_432' title='bbox 1065 3435 1303 3512; x_wconf 85' lang='lat' dir='ltr'>Ptolemaei,hod.</span> <span class='ocrx_word' id='word_1_433' title='bbox 1318 3440 1465 3506; x_wconf 83' lang='lat' dir='ltr'>Harsanie,</span> <span class='ocrx_word' id='word_1_434' title='bbox 1481 3439 1577 3496; x_wconf 87' lang='lat' dir='ltr'>insula</span> <span class='ocrx_word' id='word_1_435' title='bbox 1587 3441 1719 3518; x_wconf 90' lang='lat' dir='ltr'>apprime</span> <span class='ocrx_word' id='word_1_436' title='bbox 1732 3437 1828 3512; x_wconf 87' lang='lat' dir='ltr'>conspi-</span> 
     </span>
     <span class='ocr_line' id='line_1_34' title="bbox 235 3529 1829 3609; baseline -0.001 -26"><span class='ocrx_word' id='word_1_437' title='bbox 235 3530 378 3584; x_wconf 84' lang='lat' dir='ltr'>clireornm</span> <span class='ocrx_word' id='word_1_438' title='bbox 395 3531 468 3604; x_wconf 81' lang='lat' dir='ltr'>(leg.</span> <span class='ocrx_word' id='word_1_439' title='bbox 485 3549 549 3586; x_wconf 86' lang='lat' dir='ltr'>cum</span> <span class='ocrx_word' id='word_1_440' title='bbox 563 3529 693 3588; x_wconf 82' lang='lat' dir='ltr'>Barbara</span> <span class='ocrx_word' id='word_1_441' title='bbox 700 3535 812 3602; x_wconf 80' lang='lat' dir='ltr'>lllaroe3</span> <span class='ocrx_word' id='word_1_442' title='bbox 826 3535 943 3609; x_wconf 79' lang='lat' dir='ltr'>horum]</span> <span class='ocrx_word' id='word_1_443' title='bbox 955 3557 1025 3609; x_wconf 84' lang='lat' dir='ltr'>pro-</span> <span class='ocrx_word' id='word_1_444' title='bbox 1065 3531 1215 3589; x_wconf 84' lang='lat' dir='ltr'>cua.Nihil</span> <span class='ocrx_word' id='word_1_445' title='bbox 1229 3533 1560 3605; x_wconf 74' lang='lat' dir='ltr'>tameuasseveraveri53</span> <span class='ocrx_word' id='word_1_446' title='bbox 1575 3555 1643 3591; x_wconf 88' lang='lat' dir='ltr'>nam</span> <span class='ocrx_word' id='word_1_447' title='bbox 1653 3539 1742 3589; x_wconf 86' lang='lat' dir='ltr'>insula</span> <span class='ocrx_word' id='word_1_448' title='bbox 1749 3551 1829 3607; x_wconf 78' lang='lat' dir='ltr'>prmu-</span> 
     </span>
     <span class='ocr_line' id='line_1_35' title="bbox 237 3627 1827 3705; baseline 0.001 -28"><span class='ocrx_word' id='word_1_449' title='bbox 237 3630 402 3680; x_wconf 88' lang='lat' dir='ltr'>montorium</span> <span class='ocrx_word' id='word_1_450' title='bbox 415 3637 511 3679; x_wconf 91' lang='lat' dir='ltr'>contra</span> <span class='ocrx_word' id='word_1_451' title='bbox 526 3627 709 3681; x_wconf 86' lang='lat' dir='ltr'>Carmaniam</span> <span class='ocrx_word' id='word_1_452' title='bbox 725 3627 799 3700; x_wconf 76' lang='lat' dir='ltr'>(itm</span> <span class='ocrx_word' id='word_1_453' title='bbox 809 3630 990 3685; x_wconf 83' lang='lat' dir='ltr'>Mussendant</span> <span class='ocrx_word' id='word_1_454' title='bbox 1000 3631 1023 3705; x_wconf 60' lang='lat' dir='ltr'>i,</span> <span class='ocrx_word' id='word_1_455' title='bbox 1067 3646 1125 3696; x_wconf 87' lang='lat' dir='ltr'>nra,</span> <span class='ocrx_word' id='word_1_456' title='bbox 1142 3633 1171 3681; x_wconf 93' lang='lat' dir='ltr'>in</span> <span class='ocrx_word' id='word_1_457' title='bbox 1185 3649 1240 3700; x_wconf 88' lang='lat' dir='ltr'>qun</span> <span class='ocrx_word' id='word_1_458' title='bbox 1256 3634 1360 3701; x_wconf 84' lang='lat' dir='ltr'>scripta</span> <span class='ocrx_word' id='word_1_459' title='bbox 1372 3643 1436 3684; x_wconf 84' lang='lat' dir='ltr'>snrrt</span> <span class='ocrx_word' id='word_1_460' title='bbox 1446 3633 1527 3685; x_wconf 86' lang='lat' dir='ltr'>stclre</span> <span class='ocrx_word' id='word_1_461' title='bbox 1541 3635 1666 3705; x_wconf 79' lang='lat' dir='ltr'>lapidare</span> <span class='ocrx_word' id='word_1_462' title='bbox 1677 3636 1759 3686; x_wconf 85' lang='lat' dir='ltr'>literis</span> <span class='ocrx_word' id='word_1_463' title='bbox 1769 3635 1827 3682; x_wconf 82' lang='lat' dir='ltr'>inco·</span> 
     </span>
     <span class='ocr_line' id='line_1_36' title="bbox 235 3712 1827 3799; baseline 0.001 -26"><span class='ocrx_word' id='word_1_464' title='bbox 235 3712 266 3773; x_wconf 82' lang='lat' dir='ltr'>et</span> <span class='ocrx_word' id='word_1_465' title='bbox 285 3721 394 3792; x_wconf 73' lang='lat' dir='ltr'>Ogyrin</span> <span class='ocrx_word' id='word_1_466' title='bbox 410 3722 530 3774; x_wconf 87' lang='lat' dir='ltr'>insulam</span> <span class='ocrx_word' id='word_1_467' title='bbox 552 3719 721 3797; x_wconf 68' lang='lat' dir='ltr'>(Ornrnalz</span> <span class='ocrx_word' id='word_1_468' title='bbox 744 3739 779 3776; x_wconf 89' lang='lat' dir='ltr'>ea</span> <span class='ocrx_word' id='word_1_469' title='bbox 799 3741 859 3777; x_wconf 91' lang='lat' dir='ltr'>non</span> <span class='ocrx_word' id='word_1_470' title='bbox 881 3721 1025 3782; x_wconf 92' lang='lat' dir='ltr'>hocloco</span> <span class='ocrx_word' id='word_1_471' title='bbox 1064 3727 1164 3793; x_wconf 79' lang='lat' dir='ltr'>gattis,</span> <span class='ocrx_word' id='word_1_472' title='bbox 1185 3723 1236 3778; x_wconf 87' lang='lat' dir='ltr'>vix</span> <span class='ocrx_word' id='word_1_473' title='bbox 1246 3722 1303 3779; x_wconf 89' lang='lat' dir='ltr'>alia</span> <span class='ocrx_word' id='word_1_474' title='bbox 1315 3735 1358 3779; x_wconf 86' lang='lat' dir='ltr'>est</span> <span class='ocrx_word' id='word_1_475' title='bbox 1370 3743 1455 3799; x_wconf 88' lang='lat' dir='ltr'>quam</span> <span class='ocrx_word' id='word_1_476' title='bbox 1467 3723 1559 3790; x_wconf 78' lang='grc' dir='ltr'>Ἰαιδις</span> <span class='ocrx_word' id='word_1_477' title='bbox 1570 3726 1783 3798; x_wconf 75' lang='grc' dir='ltr'>νῆσος,παλαιῶν</span> <span class='ocrx_word' id='word_1_478' title='bbox 1798 3723 1827 3776; x_wconf 87' lang='lat' dir='ltr'>oi-</span> 
     </span>
     <span class='ocr_line' id='line_1_37' title="bbox 236 3811 1827 3902; baseline 0.006 -35"><span class='ocrx_word' id='word_1_479' title='bbox 236 3811 423 3868; x_wconf 81' lang='lat' dir='ltr'>tttemoranda</span> <span class='ocrx_word' id='word_1_480' title='bbox 444 3813 581 3882; x_wconf 79' lang='lat' dir='ltr'>fuissent,</span> <span class='ocrx_word' id='word_1_481' title='bbox 597 3814 647 3870; x_wconf 82' lang='lat' dir='ltr'>sed</span> <span class='ocrx_word' id='word_1_482' title='bbox 662 3814 694 3870; x_wconf 88' lang='lat' dir='ltr'>in</span> <span class='ocrx_word' id='word_1_483' title='bbox 715 3816 970 3890; x_wconf 76' lang='lat' dir='ltr'>antecedentibuS,</span> <span class='ocrx_word' id='word_1_484' title='bbox 999 3821 1024 3878; x_wconf 88' lang='lat' dir='ltr'>si</span> <span class='ocrx_word' id='word_1_485' title='bbox 1065 3819 1129 3873; x_wconf 82' lang='grc' dir='ltr'>κιῶν</span> <span class='ocrx_word' id='word_1_486' title='bbox 1144 3817 1241 3894; x_wconf 78' lang='grc' dir='ltr'>ἔχουσα</span> <span class='ocrx_word' id='word_1_487' title='bbox 1257 3819 1426 3895; x_wconf 74' lang='grc' dir='ltr'>ὑποσταθμᾶς</span> <span class='ocrx_word' id='word_1_488' title='bbox 1443 3820 1487 3878; x_wconf 73' lang='grc' dir='ltr'>καὶ</span> <span class='ocrx_word' id='word_1_489' title='bbox 1510 3823 1609 3892; x_wconf 81' lang='grc' dir='ltr'>στήλας</span> <span class='ocrx_word' id='word_1_490' title='bbox 1623 3823 1756 3902; x_wconf 74' lang='grc' dir='ltr'>γράμμασι</span> <span class='ocrx_word' id='word_1_491' title='bbox 1774 3823 1827 3896; x_wconf 70' lang='grc' dir='ltr'>βαρ·</span> 
     </span>
     <span class='ocr_line' id='line_1_38' title="bbox 237 3905 1829 3993; baseline 0.013 -33"><span class='ocrx_word' id='word_1_492' title='bbox 237 3905 355 3982; x_wconf 89' lang='lat' dir='ltr'>quidem</span> <span class='ocrx_word' id='word_1_493' title='bbox 385 3907 582 3965; x_wconf 87' lang='lat' dir='ltr'>antecedentia</span> <span class='ocrx_word' id='word_1_494' title='bbox 601 3910 637 3966; x_wconf 90' lang='lat' dir='ltr'>ad</span> <span class='ocrx_word' id='word_1_495' title='bbox 657 3910 733 3968; x_wconf 87' lang='lat' dir='ltr'>latus</span> <span class='ocrx_word' id='word_1_496' title='bbox 749 3911 866 3970; x_wconf 75' lang='lat' dir='ltr'>Arabiae</span> <span class='ocrx_word' id='word_1_497' title='bbox 885 3916 1025 3975; x_wconf 88' lang='lat' dir='ltr'>orientale</span> <span class='ocrx_word' id='word_1_498' title='bbox 1066 3911 1583 3992; x_wconf 60' lang='grc' dir='ltr'>ὄαρῑκοῖςκεχαραγμὲναῆΙιωοθῑιῑθπι</span> <span class='ocrx_word' id='word_1_499' title='bbox 1597 3916 1829 3993; x_wconf 76' lang='lat' dir='ltr'>qunmunasitu</span> 
     </span>
     <span class='ocr_line' id='line_1_39' title="bbox 236 4003 1829 4083; baseline 0.001 -23"><span class='ocrx_word' id='word_1_500' title='bbox 236 4004 427 4080; x_wconf 87' lang='lat' dir='ltr'>pertinerent.</span> <span class='ocrx_word' id='word_1_501' title='bbox 443 4003 493 4060; x_wconf 86' lang='lat' dir='ltr'>Vel</span> <span class='ocrx_word' id='word_1_502' title='bbox 512 4003 573 4062; x_wconf 77' lang='lat' dir='ltr'>base</span> <span class='ocrx_word' id='word_1_503' title='bbox 589 4006 680 4080; x_wconf 70' lang='lat' dir='ltr'>igitur</span> <span class='ocrx_word' id='word_1_504' title='bbox 701 4008 824 4066; x_wconf 90' lang='lat' dir='ltr'>suadent</span> <span class='ocrx_word' id='word_1_505' title='bbox 844 4011 876 4067; x_wconf 91' lang='lat' dir='ltr'>in</span> <span class='ocrx_word' id='word_1_506' title='bbox 892 4011 1025 4071; x_wconf 77' lang='lat' dir='ltr'>Pliniana</span> <span class='ocrx_word' id='word_1_507' title='bbox 1066 4007 1228 4083; x_wconf 90' lang='lat' dir='ltr'>majoribus</span> <span class='ocrx_word' id='word_1_508' title='bbox 1253 4010 1357 4066; x_wconf 88' lang='lat' dir='ltr'>insulis</span> <span class='ocrx_word' id='word_1_509' title='bbox 1375 4024 1440 4068; x_wconf 90' lang='lat' dir='ltr'>ante</span> <span class='ocrx_word' id='word_1_510' title='bbox 1454 4015 1550 4069; x_wconf 91' lang='lat' dir='ltr'>sinum</span> <span class='ocrx_word' id='word_1_511' title='bbox 1567 4013 1747 4071; x_wconf 80' lang='lat' dir='ltr'>AElaniticum</span> <span class='ocrx_word' id='word_1_512' title='bbox 1765 4008 1829 4083; x_wconf 84' lang='lat' dir='ltr'>posi·</span> 
     </span>
     <span class='ocr_line' id='line_1_40' title="bbox 236 4098 1828 4182; baseline -0.004 -24"><span class='ocrx_word' id='word_1_513' title='bbox 236 4098 557 4158; x_wconf 80' lang='lat' dir='ltr'>narrationeturbatum</span> <span class='ocrx_word' id='word_1_514' title='bbox 565 4103 678 4179; x_wconf 88' lang='lat' dir='ltr'>aliquid</span> <span class='ocrx_word' id='word_1_515' title='bbox 687 4105 865 4182; x_wconf 82' lang='lat' dir='ltr'>esse3idque</span> <span class='ocrx_word' id='word_1_516' title='bbox 873 4109 1025 4168; x_wconf 79' lang='lat' dir='ltr'>manifesto</span> <span class='ocrx_word' id='word_1_517' title='bbox 1066 4103 1114 4172; x_wconf 90' lang='lat' dir='ltr'>tis,</span> <span class='ocrx_word' id='word_1_518' title='bbox 1141 4103 1281 4178; x_wconf 87' lang='lat' dir='ltr'>suspicari</span> <span class='ocrx_word' id='word_1_519' title='bbox 1300 4104 1367 4160; x_wconf 89' lang='lat' dir='ltr'>licet</span> <span class='ocrx_word' id='word_1_520' title='bbox 1382 4105 1483 4162; x_wconf 86' lang='lat' dir='ltr'>eodem</span> <span class='ocrx_word' id='word_1_521' title='bbox 1507 4107 1673 4165; x_wconf 82' lang='lat' dir='ltr'>referendas</span> <span class='ocrx_word' id='word_1_522' title='bbox 1692 4125 1748 4163; x_wconf 85' lang='lat' dir='ltr'>esse</span> <span class='ocrx_word' id='word_1_523' title='bbox 1758 4103 1828 4159; x_wconf 80' lang='lat' dir='ltr'>atiani</span> 
     </span>
     <span class='ocr_line' id='line_1_41' title="bbox 236 4195 1829 4281; baseline -0.001 -31"><span class='ocrx_word' id='word_1_524' title='bbox 236 4208 368 4273; x_wconf 89' lang='lat' dir='ltr'>apparet,</span> <span class='ocrx_word' id='word_1_525' title='bbox 383 4199 407 4252; x_wconf 91' lang='lat' dir='ltr'>si</span> <span class='ocrx_word' id='word_1_526' title='bbox 420 4195 551 4254; x_wconf 86' lang='lat' dir='ltr'>locorum</span> <span class='ocrx_word' id='word_1_527' title='bbox 561 4201 682 4257; x_wconf 79' lang='lat' dir='ltr'>nomina</span> <span class='ocrx_word' id='word_1_528' title='bbox 692 4219 781 4279; x_wconf 72' lang='lat' dir='ltr'>supra</span> <span class='ocrx_word' id='word_1_529' title='bbox 788 4201 933 4281; x_wconf 72' lang='lat' dir='ltr'>adscripta</span> <span class='ocrx_word' id='word_1_530' title='bbox 942 4223 1024 4262; x_wconf 58' lang='lat' dir='ltr'>arcu.</span> <span class='ocrx_word' id='word_1_531' title='bbox 1067 4197 1178 4254; x_wconf 87' lang='lat' dir='ltr'>lsuram</span> <span class='ocrx_word' id='word_1_532' title='bbox 1196 4211 1224 4254; x_wconf 87' lang='lat' dir='ltr'>et</span> <span class='ocrx_word' id='word_1_533' title='bbox 1239 4196 1386 4255; x_wconf 77' lang='lat' dir='ltr'>lihinaeatii</span> <span class='ocrx_word' id='word_1_534' title='bbox 1410 4199 1497 4278; x_wconf 75' lang='lat' dir='ltr'>(hod.</span> <span class='ocrx_word' id='word_1_535' title='bbox 1511 4205 1605 4258; x_wconf 84' lang='lat' dir='ltr'>lauba</span> <span class='ocrx_word' id='word_1_536' title='bbox 1628 4216 1657 4259; x_wconf 87' lang='lat' dir='ltr'>et</span> <span class='ocrx_word' id='word_1_537' title='bbox 1681 4203 1793 4272; x_wconf 76' lang='lat' dir='ltr'>Tironi)</span> <span class='ocrx_word' id='word_1_538' title='bbox 1808 4207 1829 4249; x_wconf 87' lang='lat' dir='ltr'>et</span> 
     </span>
     <span class='ocr_line' id='line_1_42' title="bbox 239 4293 1831 4375; baseline 0.005 -25"><span class='ocrx_word' id='word_1_539' title='bbox 239 4293 331 4351; x_wconf 85' lang='lat' dir='ltr'>ratius</span> <span class='ocrx_word' id='word_1_540' title='bbox 350 4294 588 4371; x_wconf 86' lang='lat' dir='ltr'>perlustraveris.</span> <span class='ocrx_word' id='word_1_541' title='bbox 604 4295 670 4364; x_wconf 88' lang='lat' dir='ltr'>Quo</span> <span class='ocrx_word' id='word_1_542' title='bbox 689 4297 764 4355; x_wconf 86' lang='lat' dir='ltr'>lacto</span> <span class='ocrx_word' id='word_1_543' title='bbox 781 4298 867 4356; x_wconf 81' lang='lat' dir='ltr'>facile</span> <span class='ocrx_word' id='word_1_544' title='bbox 886 4301 1025 4375; x_wconf 77' lang='lat' dir='ltr'>intelligis</span> <span class='ocrx_word' id='word_1_545' title='bbox 1067 4293 1198 4350; x_wconf 75' lang='lat' dir='ltr'>ordinem</span> <span class='ocrx_word' id='word_1_546' title='bbox 1223 4296 1447 4372; x_wconf 75' lang='lat' dir='ltr'>geographicum</span> <span class='ocrx_word' id='word_1_547' title='bbox 1468 4319 1485 4354; x_wconf 87' lang='lat' dir='ltr'>a</span> <span class='ocrx_word' id='word_1_548' title='bbox 1507 4299 1606 4356; x_wconf 91' lang='lat' dir='ltr'>Plinio</span> <span class='ocrx_word' id='word_1_549' title='bbox 1628 4299 1742 4372; x_wconf 72' lang='lat' dir='ltr'>negligi.</span> <span class='ocrx_word' id='word_1_550' title='bbox 1766 4295 1831 4349; x_wconf 79' lang='lat' dir='ltr'>suus</span> 
     </span>
     <span class='ocr_line' id='line_1_43' title="bbox 237 4389 1831 4474; baseline 0.012 -29"><span class='ocrx_word' id='word_1_551' title='bbox 237 4389 274 4445; x_wconf 92' lang='lat' dir='ltr'>ad</span> <span class='ocrx_word' id='word_1_552' title='bbox 295 4391 392 4448; x_wconf 89' lang='lat' dir='ltr'>sinum</span> <span class='ocrx_word' id='word_1_553' title='bbox 416 4391 566 4450; x_wconf 88' lang='lat' dir='ltr'>Persicum</span> <span class='ocrx_word' id='word_1_554' title='bbox 582 4393 657 4452; x_wconf 90' lang='lat' dir='ltr'>nihil</span> <span class='ocrx_word' id='word_1_555' title='bbox 680 4395 826 4472; x_wconf 90' lang='lat' dir='ltr'>pertinere</span> <span class='ocrx_word' id='word_1_556' title='bbox 849 4397 907 4454; x_wconf 91' lang='lat' dir='ltr'>nisi</span> <span class='ocrx_word' id='word_1_557' title='bbox 930 4397 1025 4474; x_wconf 88' lang='lat' dir='ltr'>prima</span> <span class='ocrx_word' id='word_1_558' title='bbox 1066 4389 1310 4465; x_wconf 69' lang='lat' dir='ltr'>Coboeaelssobaea</span> <span class='ocrx_word' id='word_1_559' title='bbox 1328 4413 1358 4451; x_wconf 83' lang='lat' dir='ltr'>V·</span> <span class='ocrx_word' id='word_1_560' title='bbox 1379 4392 1420 4470; x_wconf 76' lang='lat' dir='ltr'>l.)</span> <span class='ocrx_word' id='word_1_561' title='bbox 1442 4407 1544 4471; x_wconf 69' lang='lat' dir='ltr'>Potius</span> <span class='ocrx_word' id='word_1_562' title='bbox 1562 4394 1831 4464; x_wconf 49' lang='lat' dir='ltr'>intersim-domes</span> 
     </span>
     <span class='ocr_line' id='line_1_44' title="bbox 236 4483 1832 4565; baseline -0.001 -27"><span class='ocrx_word' id='word_1_563' title='bbox 236 4483 345 4546; x_wconf 85' lang='lat' dir='ltr'>verba:</span> <span class='ocrx_word' id='word_1_564' title='bbox 360 4493 388 4544; x_wconf 81' lang='lat' dir='ltr'>A</span> <span class='ocrx_word' id='word_1_565' title='bbox 403 4491 525 4562; x_wconf 77' lang='lat' dir='ltr'>flamme</span> <span class='ocrx_word' id='word_1_566' title='bbox 542 4493 648 4561; x_wconf 87' lang='lat' dir='ltr'>Canis,</span> <span class='ocrx_word' id='word_1_567' title='bbox 677 4494 802 4560; x_wconf 81' lang='lat' dir='ltr'>utlubo,</span> <span class='ocrx_word' id='word_1_568' title='bbox 829 4513 908 4549; x_wconf 83' lang='lat' dir='ltr'>mons</span> <span class='ocrx_word' id='word_1_569' title='bbox 926 4497 1026 4551; x_wconf 75' lang='lat' dir='ltr'>artasio</span> <span class='ocrx_word' id='word_1_570' title='bbox 1067 4486 1226 4545; x_wconf 88' lang='lat' dir='ltr'>hodiernus</span> <span class='ocrx_word' id='word_1_571' title='bbox 1242 4501 1285 4544; x_wconf 86' lang='lat' dir='ltr'>est</span> <span class='ocrx_word' id='word_1_572' title='bbox 1309 4491 1410 4546; x_wconf 82' lang='lat' dir='ltr'>Slrerm</span> <span class='ocrx_word' id='word_1_573' title='bbox 1435 4493 1547 4548; x_wconf 85' lang='lat' dir='ltr'>Abhan.</span> <span class='ocrx_word' id='word_1_574' title='bbox 1570 4495 1678 4565; x_wconf 77' lang='lat' dir='ltr'>Bragoe</span> <span class='ocrx_word' id='word_1_575' title='bbox 1693 4488 1832 4545; x_wconf 70' lang='lat' dir='ltr'>insultario</span> 
     </span>
     <span class='ocr_line' id='line_1_45' title="bbox 236 4581 1832 4664; baseline -0.001 -28"><span class='ocrx_word' id='word_1_576' title='bbox 236 4583 349 4648; x_wconf 82' lang='lat' dir='ltr'>similis,</span> <span class='ocrx_word' id='word_1_577' title='bbox 375 4583 426 4657; x_wconf 89' lang='lat' dir='ltr'>qui</span> <span class='ocrx_word' id='word_1_578' title='bbox 446 4584 566 4659; x_wconf 77' lang='lat' dir='ltr'>quidem</span> <span class='ocrx_word' id='word_1_579' title='bbox 587 4604 672 4642; x_wconf 80' lang='lat' dir='ltr'>mons</span> <span class='ocrx_word' id='word_1_580' title='bbox 685 4585 763 4644; x_wconf 81' lang='lat' dir='ltr'>haud</span> <span class='ocrx_word' id='word_1_581' title='bbox 777 4585 867 4644; x_wconf 76' lang='lat' dir='ltr'>dubie</span> <span class='ocrx_word' id='word_1_582' title='bbox 882 4601 925 4646; x_wconf 69' lang='lat' dir='ltr'>est</span> <span class='ocrx_word' id='word_1_583' title='bbox 949 4609 1025 4664; x_wconf 71' lang='lat' dir='ltr'>pro-</span> <span class='ocrx_word' id='word_1_584' title='bbox 1065 4597 1149 4637; x_wconf 74' lang='lat' dir='ltr'>cartre</span> <span class='ocrx_word' id='word_1_585' title='bbox 1160 4601 1224 4640; x_wconf 88' lang='lat' dir='ltr'>esse</span> <span class='ocrx_word' id='word_1_586' title='bbox 1244 4581 1350 4639; x_wconf 90' lang='lat' dir='ltr'>debent</span> <span class='ocrx_word' id='word_1_587' title='bbox 1371 4597 1428 4641; x_wconf 89' lang='lat' dir='ltr'>tres</span> <span class='ocrx_word' id='word_1_588' title='bbox 1447 4585 1504 4642; x_wconf 80' lang='lat' dir='ltr'>illae</span> <span class='ocrx_word' id='word_1_589' title='bbox 1517 4606 1581 4662; x_wconf 73' lang='lat' dir='ltr'>quae</span> <span class='ocrx_word' id='word_1_590' title='bbox 1595 4589 1624 4643; x_wconf 94' lang='lat' dir='ltr'>in</span> <span class='ocrx_word' id='word_1_591' title='bbox 1648 4590 1711 4644; x_wconf 84' lang='lat' dir='ltr'>sinu</span> <span class='ocrx_word' id='word_1_592' title='bbox 1732 4581 1763 4640; x_wconf 88' lang='lat' dir='ltr'>ad</span> <span class='ocrx_word' id='word_1_593' title='bbox 1780 4583 1832 4651; x_wconf 75' lang='lat' dir='ltr'>(op</span> 
     </span>
     <span class='ocr_line' id='line_1_46' title="bbox 238 4677 1831 4761; baseline -0.003 -29"><span class='ocrx_word' id='word_1_594' title='bbox 238 4677 415 4734; x_wconf 89' lang='lat' dir='ltr'>montorium</span> <span class='ocrx_word' id='word_1_595' title='bbox 431 4679 492 4738; x_wconf 88' lang='lat' dir='ltr'>Soli</span> <span class='ocrx_word' id='word_1_596' title='bbox 507 4701 620 4740; x_wconf 89' lang='lat' dir='ltr'>sacrum</span> <span class='ocrx_word' id='word_1_597' title='bbox 632 4682 641 4760; x_wconf 86' lang='lat'>[</span> <span class='ocrx_word' id='word_1_598' title='bbox 654 4681 712 4760; x_wconf 73' lang='grc' dir='ltr'>ἱερὰ</span> <span class='ocrx_word' id='word_1_599' title='bbox 723 4679 818 4740; x_wconf 84' lang='grc' dir='ltr'>Ἡλίου</span> <span class='ocrx_word' id='word_1_600' title='bbox 829 4681 926 4761; x_wconf 82' lang='grc' dir='ltr'>ἄκρα),</span> <span class='ocrx_word' id='word_1_601' title='bbox 943 4687 1024 4758; x_wconf 81' lang='lat' dir='ltr'>quod</span> <span class='ocrx_word' id='word_1_602' title='bbox 1066 4683 1176 4754; x_wconf 82' lang='lat' dir='ltr'>Baridy</span> <span class='ocrx_word' id='word_1_603' title='bbox 1190 4681 1252 4738; x_wconf 84' lang='lat' dir='ltr'>sitae</span> <span class='ocrx_word' id='word_1_604' title='bbox 1275 4693 1359 4756; x_wconf 88' lang='lat' dir='ltr'>sunt,</span> <span class='ocrx_word' id='word_1_605' title='bbox 1376 4701 1464 4758; x_wconf 90' lang='lat' dir='ltr'>quum</span> <span class='ocrx_word' id='word_1_606' title='bbox 1477 4683 1547 4739; x_wconf 88' lang='lat' dir='ltr'>alias</span> <span class='ocrx_word' id='word_1_607' title='bbox 1564 4684 1595 4742; x_wconf 88' lang='lat' dir='ltr'>in</span> <span class='ocrx_word' id='word_1_608' title='bbox 1613 4682 1669 4739; x_wconf 90' lang='lat' dir='ltr'>hoc</span> <span class='ocrx_word' id='word_1_609' title='bbox 1686 4691 1769 4738; x_wconf 88' lang='lat' dir='ltr'>tractu</span> <span class='ocrx_word' id='word_1_610' title='bbox 1784 4692 1831 4730; x_wconf 88' lang='lat' dir='ltr'>nou</span> 
     </span>
     <span class='ocr_line' id='line_1_47' title="bbox 235 4767 1831 4856; baseline -0.002 -31"><span class='ocrx_word' id='word_1_611' title='bbox 235 4783 302 4848; x_wconf 82' lang='lat' dir='ltr'>post</span> <span class='ocrx_word' id='word_1_612' title='bbox 329 4769 433 4828; x_wconf 85' lang='lat' dir='ltr'>Larem</span> <span class='ocrx_word' id='word_1_613' title='bbox 461 4773 581 4833; x_wconf 86' lang='lat' dir='ltr'>fluvium</span> <span class='ocrx_word' id='word_1_614' title='bbox 609 4777 696 4834; x_wconf 88' lang='lat' dir='ltr'>habet</span> <span class='ocrx_word' id='word_1_615' title='bbox 720 4775 895 4836; x_wconf 87' lang='lat' dir='ltr'>Ptolemaeus</span> <span class='ocrx_word' id='word_1_616' title='bbox 915 4779 966 4848; x_wconf 82' lang='lat' dir='ltr'>vt,</span> <span class='ocrx_word' id='word_1_617' title='bbox 994 4803 1023 4856; x_wconf 78' lang='lat'>7,</span> <span class='ocrx_word' id='word_1_618' title='bbox 1067 4775 1191 4832; x_wconf 86' lang='lat' dir='ltr'>videam.</span> <span class='ocrx_word' id='word_1_619' title='bbox 1210 4776 1363 4832; x_wconf 84' lang='lat' dir='ltr'>Thatadrei</span> <span class='ocrx_word' id='word_1_620' title='bbox 1382 4775 1647 4836; x_wconf 88' lang='lat' dir='ltr'>suntThamudeni</span> <span class='ocrx_word' id='word_1_621' title='bbox 1662 4767 1831 4850; x_wconf 79' lang='lat' dir='ltr'>Agathan-hi·</span> 
     </span>
     <span class='ocr_line' id='line_1_48' title="bbox 235 4863 1831 4949; baseline -0.002 -30"><span class='ocrx_word' id='word_1_622' title='bbox 235 4884 266 4942; x_wconf 93' lang='lat' dir='ltr'>p.</span> <span class='ocrx_word' id='word_1_623' title='bbox 293 4863 362 4931; x_wconf 70' lang='lat'>405.</span> <span class='ocrx_word' id='word_1_624' title='bbox 383 4867 455 4933; x_wconf 81' lang='lat' dir='ltr'>Quae</span> <span class='ocrx_word' id='word_1_625' title='bbox 476 4867 612 4945; x_wconf 90' lang='lat' dir='ltr'>deinceps</span> <span class='ocrx_word' id='word_1_626' title='bbox 630 4885 803 4949; x_wconf 82' lang='lat' dir='ltr'>sequuntur,</span> <span class='ocrx_word' id='word_1_627' title='bbox 831 4873 927 4930; x_wconf 89' lang='lat' dir='ltr'>sinum</span> <span class='ocrx_word' id='word_1_628' title='bbox 952 4877 1025 4932; x_wconf 79' lang='lat' dir='ltr'>Ara-</span> <span class='ocrx_word' id='word_1_629' title='bbox 1067 4869 1123 4926; x_wconf 93' lang='lat' dir='ltr'>dis.</span> <span class='ocrx_word' id='word_1_630' title='bbox 1140 4869 1513 4946; x_wconf 67' lang='lat' dir='ltr'>SequunturDaltonegoris</span> <span class='ocrx_word' id='word_1_631' title='bbox 1528 4880 1606 4947; x_wconf 71' lang='lat' dir='ltr'>regio</span> <span class='ocrx_word' id='word_1_632' title='bbox 1625 4885 1653 4929; x_wconf 88' lang='lat' dir='ltr'>et</span> <span class='ocrx_word' id='word_1_633' title='bbox 1671 4876 1739 4928; x_wconf 80' lang='lat' dir='ltr'>Orat</span> <span class='ocrx_word' id='word_1_634' title='bbox 1758 4885 1831 4922; x_wconf 83' lang='lat' dir='ltr'>nram.</span> 
     </span>
     <span class='ocr_line' id='line_1_49' title="bbox 235 4960 1830 5046; baseline 0.005 -32"><span class='ocrx_word' id='word_1_635' title='bbox 235 4960 334 5016; x_wconf 91' lang='lat' dir='ltr'>bicum</span> <span class='ocrx_word' id='word_1_636' title='bbox 341 4961 474 5036; x_wconf 86' lang='lat' dir='ltr'>attinent,</span> <span class='ocrx_word' id='word_1_637' title='bbox 482 4961 565 5037; x_wconf 84' lang='lat' dir='ltr'>cujus</span> <span class='ocrx_word' id='word_1_638' title='bbox 575 4965 610 5021; x_wconf 93' lang='lat' dir='ltr'>ad</span> <span class='ocrx_word' id='word_1_639' title='bbox 619 4967 761 5024; x_wconf 89' lang='lat' dir='ltr'>intumum</span> <span class='ocrx_word' id='word_1_640' title='bbox 769 4987 913 5026; x_wconf 88' lang='lat' dir='ltr'>recessum</span> <span class='ocrx_word' id='word_1_641' title='bbox 923 4973 1025 5025; x_wconf 88' lang='lat' dir='ltr'>Mara-</span> <span class='ocrx_word' id='word_1_642' title='bbox 1067 4966 1143 5026; x_wconf 77' lang='lat' dir='ltr'>Novi</span> <span class='ocrx_word' id='word_1_643' title='bbox 1154 4969 1254 5022; x_wconf 83' lang='lat' dir='ltr'>Dahan</span> <span class='ocrx_word' id='word_1_644' title='bbox 1264 4967 1360 5024; x_wconf 90' lang='lat' dir='ltr'>locum</span> <span class='ocrx_word' id='word_1_645' title='bbox 1373 4969 1434 5044; x_wconf 75' lang='lat'>(18⁰</span> <span class='ocrx_word' id='word_1_646' title='bbox 1447 4966 1484 5046; x_wconf 72' lang='grc' dir='ltr'>δ’)</span> <span class='ocrx_word' id='word_1_647' title='bbox 1498 4981 1527 5026; x_wconf 87' lang='lat' dir='ltr'>et</span> <span class='ocrx_word' id='word_1_648' title='bbox 1537 4961 1830 5040; x_wconf 62' lang='lat' dir='ltr'>[ranetam-aputu,</span> 
     </span>
     <span class='ocr_line' id='line_1_50' title="bbox 236 5053 1829 5133; baseline -0.001 -26"><span class='ocrx_word' id='word_1_649' title='bbox 236 5063 307 5108; x_wconf 77' lang='lat' dir='ltr'>nine</span> <span class='ocrx_word' id='word_1_650' title='bbox 318 5053 496 5124; x_wconf 87' lang='lat' dir='ltr'>habitarunt,</span> <span class='ocrx_word' id='word_1_651' title='bbox 510 5055 546 5112; x_wconf 93' lang='lat' dir='ltr'>ad</span> <span class='ocrx_word' id='word_1_652' title='bbox 559 5058 653 5116; x_wconf 78' lang='lat' dir='ltr'>latices</span> <span class='ocrx_word' id='word_1_653' title='bbox 666 5081 737 5119; x_wconf 82' lang='lat' dir='ltr'>vero</span> <span class='ocrx_word' id='word_1_654' title='bbox 760 5064 848 5120; x_wconf 87' lang='lat' dir='ltr'>situm</span> <span class='ocrx_word' id='word_1_655' title='bbox 862 5077 925 5120; x_wconf 86' lang='lat' dir='ltr'>crat</span> <span class='ocrx_word' id='word_1_656' title='bbox 936 5069 1023 5120; x_wconf 75' lang='lat' dir='ltr'>Acila</span> <span class='ocrx_word' id='word_1_657' title='bbox 1068 5065 1117 5120; x_wconf 87' lang='lat' dir='ltr'>sed</span> <span class='ocrx_word' id='word_1_658' title='bbox 1132 5063 1161 5119; x_wconf 90' lang='lat' dir='ltr'>hi</span> <span class='ocrx_word' id='word_1_659' title='bbox 1177 5083 1193 5118; x_wconf 87' lang='lat' dir='ltr'>a</span> <span class='ocrx_word' id='word_1_660' title='bbox 1212 5063 1298 5120; x_wconf 91' lang='lat' dir='ltr'>uobis</span> <span class='ocrx_word' id='word_1_661' title='bbox 1317 5065 1404 5121; x_wconf 88' lang='lat' dir='ltr'>alieni</span> <span class='ocrx_word' id='word_1_662' title='bbox 1421 5085 1484 5122; x_wconf 86' lang='lat' dir='ltr'>esse</span> <span class='ocrx_word' id='word_1_663' title='bbox 1505 5065 1655 5133; x_wconf 82' lang='lat' dir='ltr'>videntur,</span> <span class='ocrx_word' id='word_1_664' title='bbox 1676 5062 1730 5119; x_wconf 88' lang='lat' dir='ltr'>nisi</span> <span class='ocrx_word' id='word_1_665' title='bbox 1742 5059 1829 5115; x_wconf 83' lang='lat' dir='ltr'>seriem</span> 
     </span>
     <span class='ocr_line' id='line_1_51' title="bbox 236 5146 1828 5237; baseline -0.007 -22"><span class='ocrx_word' id='word_1_666' title='bbox 236 5149 399 5223; x_wconf 58' lang='lat' dir='ltr'>‘mimium</span> <span class='ocrx_word' id='word_1_667' title='bbox 424 5146 557 5224; x_wconf 69' lang='grc' dir='ltr'><strong>(Ὄκηλῑς</strong></span> <span class='ocrx_word' id='word_1_668' title='bbox 584 5150 768 5227; x_wconf 65' lang='lat' dir='ltr'>Ptolomeus,</span> <span class='ocrx_word' id='word_1_669' title='bbox 791 5159 847 5214; x_wconf 89' lang='lat' dir='ltr'>An.</span> <span class='ocrx_word' id='word_1_670' title='bbox 877 5158 943 5214; x_wconf 86' lang='lat' dir='ltr'>Per.</span> <span class='ocrx_word' id='word_1_671' title='bbox 973 5158 1018 5216; x_wconf 71' lang='lat' dir='ltr'>lir.</span> <span class='ocrx_word' id='word_1_672' title='bbox 1067 5159 1198 5214; x_wconf 87' lang='lat' dir='ltr'>locorum</span> <span class='ocrx_word' id='word_1_673' title='bbox 1209 5179 1316 5236; x_wconf 89' lang='lat' dir='ltr'>susque</span> <span class='ocrx_word' id='word_1_674' title='bbox 1335 5161 1428 5237; x_wconf 85' lang='lat' dir='ltr'>deque</span> <span class='ocrx_word' id='word_1_675' title='bbox 1446 5161 1552 5218; x_wconf 87' lang='lat' dir='ltr'>habere</span> <span class='ocrx_word' id='word_1_676' title='bbox 1575 5161 1660 5219; x_wconf 87' lang='lat' dir='ltr'>velis.</span> <span class='ocrx_word' id='word_1_677' title='bbox 1676 5159 1732 5216; x_wconf 80' lang='lat' dir='ltr'>Nisi</span> <span class='ocrx_word' id='word_1_678' title='bbox 1747 5153 1828 5213; x_wconf 81' lang='lat' dir='ltr'>fallor,</span> 
     </span>
     <span class='ocr_line' id='line_1_52' title="bbox 238 5243 1828 5334; baseline 0.004 -34"><span class='ocrx_word' id='word_1_679' title='bbox 238 5261 325 5311; x_wconf 65' lang='lat' dir='ltr'>tutae,</span> <span class='ocrx_word' id='word_1_680' title='bbox 349 5243 797 5324; x_wconf 54' lang='lat' dir='ltr'>etipset‘tiniusvm,104:</span> <span class='ocrx_word' id='word_1_681' title='bbox 818 5257 1014 5327; x_wconf 69' lang='lat' dir='ltr'>Indorprtcn-</span> <span class='ocrx_word' id='word_1_682' title='bbox 1066 5255 1138 5312; x_wconf 84' lang='lat' dir='ltr'>0rso</span> <span class='ocrx_word' id='word_1_683' title='bbox 1167 5276 1251 5326; x_wconf 74' lang='lat' dir='ltr'>mons</span> <span class='ocrx_word' id='word_1_684' title='bbox 1270 5271 1310 5314; x_wconf 86' lang='lat' dir='ltr'>est</span> <span class='ocrx_word' id='word_1_685' title='bbox 1330 5259 1400 5316; x_wconf 82' lang='lat' dir='ltr'>lind.</span> <span class='ocrx_word' id='word_1_686' title='bbox 1426 5257 1557 5328; x_wconf 84' lang='lat' dir='ltr'>Srnrhah,</span> <span class='ocrx_word' id='word_1_687' title='bbox 1581 5277 1664 5334; x_wconf 79' lang='lat' dir='ltr'>qnam</span> <span class='ocrx_word' id='word_1_688' title='bbox 1682 5251 1828 5311; x_wconf 62' lang='lat' dir='ltr'>(lintrium</span> 
     </span>
    </p>
   </div>
   <div class='ocr_carea' id='block_1_3' title="bbox 0 0 1895 5750">
    <p class='ocr_par' dir='ltr' id='par_1_4' title="bbox 0 0 1895 5750">
     <span class='ocr_line' id='line_1_53' title="bbox 0 0 1895 5750; baseline 0 0"><span class='ocrx_word' id='word_1_689' title='bbox 0 0 1895 5750; x_wconf 95' lang='lat' dir='ltr'> </span> 
     </span>
    </p>
   </div>
  </div>
 </body>
</html>
