3775 5750
202 309 277 354 extr
539 342 544 350 .
858 289 1158 353 Pnotuuoltliltn.

205 417 331 474 ser-baet
344 413 418 472 sitia
431 413 575 478 orationis
589 414 689 471 eadem
710 412 846 470 exhibeat
865 434 931 491 qrra·
941 433 988 493 pe-
1075 425 1100 482 l.
1122 413 1379 492 Pseudo-Scylacis
1400 415 1556 494 periplum.

202 511 298 589 riplns
326 510 485 585 Anonymi,
509 509 614 568 exhoc
635 509 700 585 ipso
723 509 912 588 repetendum
932 525 985 569 est.
1077 507 1808 588 193.FunduslibriestEpr'tomeMarciani;eslrac
1863 579 1864 588 ρ

205 609 336 664 Attamen
351 623 441 682 quum
464 607 552 675 ratio,
571 622 629 681 qua
640 602 730 662 stadia
746 605 777 661 in
793 604 917 662 miliaria
930 603 989 662 llo·
1033 606 1110 664 enim
1123 606 1227 664 sumsit
1242 605 1374 665 ordinem
1390 605 1496 686 peripli
1513 618 1542 665 ei
1557 607 1719 684 argumenti
1738 609 1808 668 indi-
1863 669 1864 678 ς

204 720 290 758 mana
307 713 527 771 convertuntur,
546 699 602 757 alia
621 702 651 758 in
675 701 835 776 fragmento
850 700 919 777 isto,
932 699 990 758 alia
1034 700 1144 761 culum.
1170 698 1302 776 Singulis
1313 701 1400 758 etiam
1421 701 1566 781 capitibus
1586 703 1659 762 olim
1676 703 1765 774 tituli,
1782 719 1810 764 ut
1863 693 1864 696 Ἴ

204 797 237 854 in
262 797 378 874 periplo
403 797 461 854 sit:
484 798 627 874 quaritur
647 816 684 853 an
709 795 771 854 lraee
793 795 990 875 discrepantia
1034 795 1111 873 apud
1129 795 1323 868 Marcianum,
1343 795 1456 874 praelixi
1474 809 1566 868 erant,
1582 816 1708 874 quorum
1722 798 1751 856 in
1768 820 1810 858 eo-

200 891 345 968 'imputari
374 891 476 949 debeat
500 891 606 950 scribae
630 891 801 967 fragmenti,
829 911 866 948 an
890 893 989 970 plures
1035 873 1099 948 dice
1110 903 1209 948 nostro
1224 892 1341 950 nonnisi
1355 889 1521 970 primusl*')
1531 906 1676 970 superest,
1692 894 1811 970 reliquos
1863 969 1864 972 Ἴ

207 987 316 1047 luerint
324 974 388 1066 ejus
402 987 508 1066 peripli
519 988 721 1057 recensiones,
733 1007 856 1064 quarum
868 988 991 1064 singulas
1035 983 1150 1043 librarii
1162 985 1334 1044 omiserunt.
1348 985 1514 1070 stadiorum
1524 1003 1653 1044 summas
1661 989 1811 1066 particula·

207 1101 259 1140 sua
276 1081 406 1160 quaedam
421 1081 701 1162 propriahaberent.
719 1083 782 1140 lloc
797 1083 991 1142 mibiverisi-
1035 1078 1199 1138 resiisdem
1218 1079 1291 1138 locis
1308 1079 1418 1156 quibus
1428 1079 1593 1140 Marcianus
1609 1082 1732 1160 colligit.
1744 1081 1812 1144 Loca
1863 1067 1864 1076 ό

207 1175 992 1248 miliasesseridetur.QuemadmodumChrouicaoon·
1036 1174 1067 1231 in
1084 1175 1239 1252 superstite
1249 1173 1389 1235 Marciani
1407 1189 1491 1253 parte
1501 1189 1662 1236 memorata
1674 1178 1710 1236 ad
1730 1199 1811 1237 unum

204 1274 454 1351 nullaByzantina
460 1288 489 1333 et
497 1274 568 1332 libri
577 1274 613 1332 de
622 1273 846 1352 antiquitatibus
854 1275 993 1335 Constan-
1035 1267 1122 1326 habel
1132 1269 1246 1342 omnlti
1255 1282 1287 1328 ul
1297 1269 1455 1350 plurimum
1467 1269 1628 1349 ipsaetitlm
1641 1274 1731 1332 verba
1742 1277 1811 1332 Mar·
1863 1261 1864 1264 Ἴ

202 1369 411 1448 tinopolitanis
429 1382 458 1427 et
476 1368 616 1427 fabulosae
634 1369 793 1428 Alexandri
808 1368 846 1429 il.
859 1368 991 1428 historias
1037 1365 1113 1424 ciani
1124 1365 1230 1427 reddit.

206 1477 236 1523 et
253 1466 278 1523 si
296 1485 362 1542 quae
375 1477 444 1524 sunt
461 1465 582 1536 similia,
604 1463 725 1523 fundum
745 1483 868 1542 quaeque
884 1461 993 1523 habent
1082 1469 1148 1536 ¹94·
1160 1459 1231 1530 Quae
1240 1461 1270 1518 in
1283 1465 1397 1518 Arriani
1408 1460 1523 1541 periplo
1535 1461 1599 1522 loca
1610 1477 1810 1536 memorantur,

208 1577 402 1634 communem,
418 1579 503 1638 quem
522 1558 659 1638 deinceps
674 1558 778 1617 scriba
802 1579 857 1638 pro
868 1559 993 1618 arbitrio
1037 1557 1105 1616 item
1125 1555 1245 1618 exhibet
1264 1555 1451 1638 omnia(*''];
1468 1579 1533 1638 qua·
1551 1559 1583 1618 in
1602 1559 1729 1619 Arriano
1741 1574 1768 1620 et
1786 1561 1815 1619 in·

208 1669 237 1714 ct
253 1656 378 1736 ¹ingenio
405 1655 452 1714 vel
476 1668 608 1726 servant,
633 1655 680 1712 vel
702 1667 825 1727 mutant,
846 1655 993 1727 minuunt,
1038 1654 1192 1730 superstite
1206 1651 1348 1712 Marciani
1368 1667 1451 1732 parte
1466 1673 1526 1714 non
1550 1667 1724 1726 occurrunt,
1740 1675 1813 1714 etex

209 1765 314 1828 augent
328 1774 334 1809 ι
347 1753 389 1811 sic
402 1752 521 1811 eandem
541 1765 647 1811 sortem
664 1763 746 1809 nacta
759 1752 818 1810 sint
834 1751 995 1830 Byzantina
1038 1745 1177 1805 Marciani
1192 1759 1274 1826 parle
1289 1747 1571 1827 deperdllafluxisw
1588 1749 1811 1810 oensendasunt
1863 1757 1864 1760 ’

207 1860 309 1905 nostra
322 1845 359 1904 de
387 1847 481 1906 Ponto
507 1845 623 1905 Euxino
647 1847 837 1918 collectanea,
867 1845 994 1924 indeque
1038 1840 1181 1902 Praeterea
1192 1861 1229 1902 ex
1240 1842 1366 1902 Arriano
1380 1845 1489 1922 passim
1501 1845 1639 1905 assumsit
1653 1843 1752 1904 breves
1766 1867 1812 1904 no·

208 1941 413 2019 explicandum
434 1941 522 2000 luerit
535 1939 833 2019 quodProcopiuset
846 1939 905 1999 leo
919 1941 995 2000 Dia·
1038 1940 1116 1998 titias
1124 1939 1333 2017 geographicas
1345 1953 1373 1998 et
1381 1942 1536 2000 historicas
1545 1943 1590 2001 rel
1601 1942 1810 2020 mythologicas.
1843 1939 1848 1948 '

210 2055 301 2094 conus
314 2055 350 2095 ex
371 2036 495 2094 Arriano
514 2035 658 2107 asserunt,
681 2056 746 2114 qua
767 2036 799 2095 in
821 2035 947 2094 Arriano
967 2049 996 2094 et
1038 2033 1183 2094 Ulteriora
1197 2047 1292 2094 autern
1303 2035 1340 2095 de
1351 2037 1517 2114 originibus
1527 2038 1647 2099 urbium
1663 2053 1692 2099 et
1707 2043 1813 2119 populis

208 2143 310 2189 nostro
324 2129 550 2190 Pseud-arriano
565 2130 673 2190 frustra
685 2132 845 2208 quaerimus
858 2129 903 2210 μ’).
1039 2149 1200 2209 eorumque
1213 2131 1346 2192 moribus
1355 2155 1447 2212 quum
1458 2155 1552 2214 neque
1566 2138 1710 2196 Arrianus
1718 2137 1813 2214 prabe-

252 2243 319 2301 ¹9²·
335 2227 442 2284 lluctor
452 2224 543 2303 hujus
557 2225 774 2302 compilationis
783 2245 852 2285 num
863 2226 926 2304 ipse
938 2245 996 2284 no-
1038 2237 1083 2284 rei
1110 2244 1203 2302 neque
1231 2227 1397 2289 Marcianus
1420 2231 1451 2289 in
1474 2231 1660 2310 excerpendo
1687 2231 1813 2310 llenippo

209 2337 275 2377 men
293 2339 377 2378 suurn
395 2319 549 2385 celaverit.
565 2339 601 2377 an
618 2319 825 2397 aliusqoidam
838 2321 994 2378 Arrianum
1040 2323 1147 2400 (quem
1166 2323 1275 2384 scimus
1289 2325 1441 2386 historiam
1458 2347 1517 2388 noo
1530 2327 1711 2407 neglexisse)
1731 2348 1813 2386 curas·

211 2416 238 2472 ei
255 2413 455 2485 substituerit,
482 2433 586 2492 parum
603 2413 705 2491 liquet.
721 2413 819 2493 Opera
831 2427 938 2486 autem,
960 2433 997 2474 ex
1039 2429 1082 2476 set
1094 2437 1101 2477 :
1115 2417 1220 2478 Noster
1241 2439 1275 2479 ea
1295 2423 1432 2481 assumsit
1449 2441 1486 2482 ex
1509 2422 1658 2500 Anonymi
1683 2423 1811 2501 periegesi

211 2509 319 2585 quibus
331 2509 546 2585 conglutinatus
554 2509 688 2587 periplus
696 2521 747 2580 est,
763 2509 900 2568 novimus
914 2509 975 2568 haec
987 2529 994 2569 :
1038 2512 1175 2588 iambica,
1187 2515 1275 2574 modo
1285 2518 1408 2578 servatis
1418 2517 1554 2579 versibus
1565 2519 1654 2578 modo
1665 2519 1811 2598 paullulum

253 2626 280 2662 r.
295 2605 436 2665 Marciani
451 2601 599 2684 epitomen
613 2605 720 2684 peripli
736 2603 895 2684 llenippei.
1040 2609 1156 2667 mutatis
1172 2609 1259 2669 modo
1274 2612 1424 2671 dissolutis
1444 2633 1562 2692 prorsus
1575 2629 1604 2672 et
1619 2634 1685 2673 cum
1706 2613 1812 2672 Arriani

252 2721 281 2757 a.
295 2701 413 2759 Arriani
430 2701 587 2778 periplnm.
1041 2715 1070 2760 et
1080 2701 1218 2763 llarciani
1229 2704 1330 2766 verbis
1344 2719 1422 2766 arcte
1432 2707 1563 2767 conllaiis
1578 2707 1624 2786 Γ).

211 2862 217 2871 ,
253 2797 280 2853 ³.
294 2794 442 2875 Anonymi
452 2795 617 2875 periegesin
630 2793 796 2854 iambicam.
1085 2797 1152 2875 ¹95·
1166 2797 1425 2881 EPrerrdoscylacis
1436 2803 1551 2885 periplo
1564 2803 1591 2886 (S
1604 2801 1654 2887 69)
1663 2803 1745 2864 ducta
1755 2815 1813 2864 sunt
1863 2869 1864 2879 ρ

239 3031 296 3081 Ἀπδ
309 3032 335 3082 ii
344 3036 386 3081 τοῦ
400 3032 504 3087 Φάσιδος
515 3034 626 3095 ποταμοῦ
637 3030 730 3086 luisti
743 3030 843 3091 στομίου
854 3032 910 3093 (τῶν
922 3033 1025 3082 σταδίων
1034 3032 1101 3094 tad.)
1111 3040 1152 3093 τῆς
1166 3036 1301 3093 Μαιώτιδος
1314 3038 1397 3100 λίμνης
1408 3039 1493 3089 στάδια
1503 3040 1565 3103 ,δρν’,
1576 3040 1645 3103 pilia
1658 3048 1716 3102 prr',
1728 3038 1772 3102 [r'l

243 3102 332 3151 Γίνεται
342 3102 390 3150 tit
401 3105 448 3158 πᾶς
456 3100 581 3163 περίπλους
591 3100 700 3157 Εὐξείνου
712 3101 808 3161 πόντου,
822 3105 869 3149 τῶν
878 3102 958 3157 δεξιῶν
969 3108 1009 3160 τῆς
1022 3100 1099 3157 leia<
1109 3112 1184 3169 μεριδν
1196 3110 1237 3154 τοῦ
1250 3108 1341 3157 Πόντου
1354 3109 1418 3170 (τῶν
1431 3111 1570 3159 stimulus
1581 3114 1590 3172 )
1607 3116 1656 3159 τῶν
1664 3126 1688 3159 τι
1701 3110 1812 3170 εὐωνύμων

211 3178 251 3230 cip
266 3172 381 3235 Εὐρώπης
393 3172 439 3227 loir
449 3176 492 3220 rosi
500 3172 575 3235 Ἱιραῦ
582 3172 669 3221 στάδια
677 3172 787 3235 δισμύρια
798 3171 894 3236 (τρισμ.
908 3170 964 3222 cod.
975 3175 1045 3237 lprri',
1055 3174 1120 3235 μίλια
1130 3174 1209 3237 ,γρρι’.

242 3246 271 3297 '0
279 3244 307 3295 δί
319 3243 445 3307 περίπλους
452 3244 633 3301 situantur<
647 3243 738 3305 λίμνης,
747 3244 780 3300 tlt
793 3244 822 3301 ἢν
833 3245 936 3307 τράποιο
949 3244 1036 3301 Τάναίς
1046 3246 1161 3305 ποταμός,
1171 3246 1257 3297 στάδια
1270 3247 1306 3310 μ’,
1318 3250 1386 3311 pilia
1397 3254 1451 3314 μα’.

222 3375 227 3383 ⁸
240 3314 311 3361 Ἐστι
319 3313 345 3361 δλ
358 3313 385 3361 τό
395 3312 489 3363 στάδιον
497 3312 553 3375 ῐχον
568 3317 641 3375 μῆνας
653 3313 735 3363 όποῑόν
747 3313 796 3362 im
809 3314 837 3363 τά
846 3313 1000 3377 ἱπποδρόμιον
1016 3315 1041 3375 (Ι.
1052 3316 1079 3365 τό
1090 3321 1132 3365 τοῦ
1139 3317 1195 3378 λπ.).
1206 3320 1311 3369 Τοιαῦτα
1323 3320 1536 3382 simplioris
1547 3326 1667 3373 ποιοῦσιν.

238 3384 296 3432 'on
307 3384 449 3503 ελέροιπίνπε
457 3382 579 3446 μυριάδων
589 3382 662 3447 [aad.
676 3382 737 3433 locet
745 3384 785 3431 καί
801 3382 940 3448 δισχιλίων]
959 3386 1061 3435 σταδίων
1074 3386 1137 3437 ἐστὶν
1149 3389 1164 3446 ἠ
1177 3390 1314 3453 περιήγηαις
1333 3393 1368 3455 (Ι.
1380 3393 1529 3457 arpinum)
1543 3400 1584 3453 τῆς
1600 3401 1654 3458 γῆς,
1668 3396 1699 3450 ὡς
1713 3396 1745 3457 τῷ
1755 3392 1812 3455 Ἔρα·

243 3525 335 3575 nunde
342 3526 389 3574 alia
398 3528 532 3587 ωςαιιιιιιιι
544 3523 677 3587 ingruente
691 3537 747 3586 qim
757 3538 788 3577 ιι
797 3524 895 3575 solrolils
908 3522 941 3574 ad
960 3524 1100 3587 Dionysium
1114 3526 1153 3577 rel
1163 3540 1193 3579 ex
1209 3530 1352 3593 geographia
1363 3530 1445 3594 aliqua
1461 3530 1492 3581 ad
1507 3532 1617 3596 uiosysil
1630 3546 1714 3598 poema
1726 3542 1800 3580 ιοοοιο

213 3597 309 3644 madata
323 3595 370 3655 (ut
379 3594 419 3642 illa
429 3594 555 3656 llioeplrori
568 3594 726 3653 Blemmidae)
742 3595 874 3643 linxerant.

244 3668 298 3714 tam
314 3664 380 3727 qood
394 3664 627 3714 Postistadissmum
646 3666 745 3725 attinet,
760 3663 890 3713 stadiorum
905 3666 999 3715 numeri
1010 3667 1034 3717 in
1047 3668 1181 3731 fragmento
1194 3672 1322 3733 superstite
1339 3686 1396 3723 cum
1409 3673 1501 3737 periplo
1515 3678 1596 3725 nostro
1614 3676 1676 3727 bens
1691 3672 1812 3736 ormari,

214 3737 316 3798 exaepio
332 3746 362 3783 eo
374 3734 418 3797 qul
429 3734 573 3796 ρεηίοαεοά
589 3735 731 3783 distantiam
746 3746 762 3783 a
774 3733 915 3785 Phasidead
924 3736 1016 3785 ostium
1028 3739 1154 3789 Maeotidis.
1168 3741 1202 3789 lis
1211 3741 1275 3789 enlm
1288 3754 1364 3803 quum
1375 3744 1399 3792 in
1407 3742 1503 3815 periplo
1510 3756 1533 3805 p.
1546 3747 1601 3804 tat,
1615 3748 1644 3794 lt
1654 3745 1686 3794 sit
1695 3742 1812 3792 stadiorum

215 3810 284 3869 loti,
293 3805 343 3857 mil.
353 3811 398 3859 itt
409 3804 481 3866 'laio
492 3806 627 3868 fragmento
636 3806 779 3857 exiribentur
787 3808 864 3857 stadis
873 3811 944 3867 415⁰,
958 3809 1023 3858 milia
1033 3814 1078 3860 55³
1092 3811 1190 3865 ’μονα
1202 3810 1233 3860 da
1247 3824 1272 3860 re
1283 3812 1342 3862 nilril
1355 3826 1419 3863 nnnc
1429 3814 1559 3874 diiudicare
1569 3814 1636 3874 lioet,
1648 3825 1723 3876 qnam
1740 3809 1813 3872 peripli

215 3890 279 3938 pars,
290 3888 338 3939 qua
350 3874 452 3937 singulos
463 3875 538 3934 liujus
549 3878 641 3924 tractos
652 3876 772 3925 distantiae
781 3877 992 3939 enuniembantur,
1001 3879 1052 3940 jun
1068 3879 1193 3943 deperdita
1206 3881 1245 3931 sit.
1262 3884 1363 3934 Summa
1376 3884 1451 3933 lolius
1462 3884 1547 3947 peripli
1558 3884 1633 3935 maris
1650 3882 1738 3935 Pontici
1748 3892 1813 3943 quum

214 3946 297 3996 eadem
311 3946 342 3995 sit
351 3945 377 3995 in
390 3943 481 4007 periplo
495 3948 519 3994 et
530 3944 663 4009 fragmento
674 3948 764 4006 nostro,
777 3958 853 4008 etque
865 3946 925 3997 bens
933 3948 1036 4011 quadrat
1050 3949 1074 4000 ln
1083 3962 1193 4000 summu
1205 3951 1288 4014 peripli
1303 3954 1475 4016 particulares:
1490 3955 1648 4017 consequitur
1658 3955 1683 4002 in
1698 3952 1814 4013 fragmento

213 4020 257 4068 aot
268 4015 407 4077 oonoptrm
418 4026 471 4064 essa
482 4014 616 4064 stadiorum
626 4028 755 4065 nnmemm
767 4018 837 4076 tiso,
848 4019 952 4067 auteaar
964 4018 1113 4083 distantiam,
1124 4034 1180 4085 quae
1189 4024 1214 4074 in
1225 4030 1317 4075 antero.
1325 4024 1425 4088 excidit,
1434 4024 1526 4076 anobis
1536 4028 1617 4076 ιιιιειιι
1627 4038 1658 4077 er
1670 4023 1755 4089 periplo
1764 4032 1814 4082 sup·

214 4087 279 4151 pleis
290 4088 335 4144 est,
347 4084 416 4135 aliter
425 4084 536 4135 babulae
546 4098 620 4149 quam
631 4085 657 4135 iu
667 4084 767 4147 periplo.

246 4154 878 4220 (micaeloansimilissitsentenliaKmirleri,ca1us
892 4159 1003 4210 meminit
1015 4164 1129 4213 osannus
1139 4164 1163 4214 in
1175 4168 1226 4217 not.
1237 4165 1266 4215 ari
1278 4165 1437 4228 tragmentun
1447 4166 1538 4219 oodiols
1550 4166 1705 4217 lisiniensis:
1719 4166 1815 4223 «neque

213 4228 466 4290 nunoexplorarerim,
478 4226 566 4290 lnquit,
577 4227 620 4276 riri
629 4227 788 4290 mgnoissimi,
802 4228 909 4278 uuillen
917 4236 985 4292 puto,
995 4236 1149 4297 senientiam,
1158 4236 1201 4299 qui
1211 4236 1311 4299 periplo,
1323 4236 1401 4299 qualis
1416 4238 1487 4288 hodie
1496 4238 1595 4299 lerator,
1605 4237 1664 4286 uilril
1676 4232 1738 4285 aliud
1750 4243 1814 4295 quun
1863 4294 1864 4299 Ἰ

214 4302 391 4363 uetustatem
401 4300 567 4349 mmmm
575 4300 709 4361 Μίνδιον
716 4297 832 4349 mulium
840 4300 964 4351 οοοίοαάίι
973 4301 997 4349 in
1010 4302 1071 4353 libro
1082 4305 1202 4369 Petropoli
1215 4319 1255 4355 an.
1270 4310 1328 4359 ltus
1340 4306 1438 4369 vulgato
1451 4321 1458 4357 ι
1472 4307 1596 4359 Metanira
1606 4320 1655 4358 sarr
1666 4308 1756 4371 psutre
1768 4300 1814 4349 ult·

214 4369 309 4419 dritta
321 4368 358 4419 άιι
373 4367 499 4431 emptore
514 4367 668 4419 vimineum
680 4382 704 4431 p.
716 4382 778 4419 xxu.
791 4387 804 4412 ν

247 4440 293 4502 (*')
306 4438 413 4497 Βιθυνίας
421 4442 462 4498 τῆς
470 4439 528 4501 πρδς
536 4442 570 4500 τῷ
580 4439 664 4501 Πόντῳ
676 4438 809 4502 περίπλους.
821 4442 848 4492 in
860 4441 980 4490 Marcum
989 4442 1083 4494 nonnisi
1090 4446 1197 4503 Βιθυνίας
1206 4444 1329 4508 πιρίπλους
1338 4446 1414 4497 oodex
1426 4446 1507 4497 habet.
1522 4444 1687 4511 supplendum
1697 4458 1726 4497 ex
1736 4443 1814 4493 Nostro

214 4510 312 4560 ridetur
323 4516 364 4571 ιῆς
378 4512 437 4575 πρὸς
446 4516 481 4576 τῷ
491 4510 585 4574 neap,
597 4510 731 4574 praesertim
742 4523 820 4576 quum
831 4512 856 4561 ln
869 4510 980 4575 proximo
992 4516 1084 4563 anteco
1096 4516 1232 4565 Μοοιίιπαι
1245 4514 1326 4565 deri:
1339 4517 1407 4578 μέρος
1419 4520 1462 4565 τοῦ
1476 4517 1578 4567 Βιθυνῶν
1594 4514 1672 4571 livore
1682 4514 1710 4562 ιδ
1721 4512 1773 4575 πρὸς
1784 4510 1814 4567 τῷ

215 4582 303 4643 Πόντῳ
311 4582 426 4643 ιείμινον.
688 4615 691 4624 ·
782 4604 787 4624 ’-

248 4651 308 4712 (ml
320 4652 390 4707 Quod
406 4666 454 4702 non
466 4656 585 4704 memoret
597 4652 691 4719 ᾞόνας,
703 4651 768 4715 qood
780 4651 826 4702 loci
838 4664 925 4702 mmen
942 4652 1006 4715 apud
1020 4656 1145 4708 arrianum
1158 4672 1182 4721 p.
1196 4662 1251 4719 liii,
1264 4664 1279 4709 δ
1293 4670 1346 4707 esse
1360 4658 1465 4721 videtur,
1484 4658 1509 4709 ld
1520 4658 1610 4709 indicat
1626 4658 1669 4707 aut
1683 4650 1815 4705 intellexisse

216 4724 331 4772 Nostrum
340 4734 445 4771 errorem
458 4724 549 4773 Arriani
562 4726 605 4773 aut
619 4726 687 4774 aliter
704 4722 795 4787 legisse.
807 4725 916 4772 Fortasse
928 4722 972 4786 pr'o
982 4724 1008 4775 ἐκ
1022 4727 1049 4790 δὲ,
1061 4734 1108 4779 τῶν
1123 4730 1211 4795 ἐκροῶν
1220 4735 1261 4791 τῆς
1270 4728 1350 4795 λίμνης
1365 4730 1387 4787 i<
1408 4730 1485 4793 ῌόνας
1498 4730 1589 4781 στάδιοι
1599 4737 1637 4780 ιπ’
1649 4725 1769 4793 legendum

216 4794 298 4857 δίμνης
308 4793 372 4843 terii
384 4793 450 4856 ’ῌδν
459 4796 481 4851 ie
493 4799 601 4853 σταδίους
610 4796 648 4846 τπ’
659 4796 698 4846 vel
710 4796 758 4845 etei
770 4800 812 4854 τῆς
821 4794 904 4859 'lidiae
916 4795 1006 4846 στάδιοι
1015 4798 1060 4849 τπ’.

248 4866 281 4927 ς’)
299 4864 368 4925 locis
379 4866 508 4926 eperepeal
520 4866 703 4929 poetiospetilis
710 4866 822 4917 addenda
831 4869 954 4929 ιιοίςυιο
963 4868 1073 4929 leguntur
1083 4868 1098 4934 ς
1110 4878 1149 4933 it,
1160 4884 1184 4934 p.
1194 4874 1253 4933 lli,
1268 4874 1316 4923 δον
1333 4871 1358 4921 ἐν
1373 4870 1447 4933 ταύτῃ
1458 4870 1484 4921 li
1493 4874 1523 4931 τῇ
1536 4862 1755 4931 θιοδοοίςῑδίμνοί
1764 4874 1813 4911 ποί

216 4937 257 4985 ναὶ
266 4934 367 4992 curiis:
380 4934 407 4984 lx
420 4938 462 4981 τοῦ
475 4934 596 4996 Βοσπόρου
606 4937 709 4999 οἰκῆσαι.
717 4937 820 4987 lambos
832 4936 946 4999 mllngere
958 4936 1013 4990 ticet
1022 4940 1069 4991 ila:

263 5003 303 5054 ’δν
312 5009 341 5067 τῇ
358 4991 476 5067 &otone
494 5004 547 5053 πο(
560 5006 656 5063 ολνῆοαί
667 5023 724 5070 φασι
804 5008 846 5057 aul
859 5024 866 5056 ι
880 5006 920 5056 Ἐν
929 5008 984 5070 τῇδε
998 5002 1151 5071 τῇθεοδαοίᾳ
1161 5001 1253 5065 λέγεταί
1262 5018 1319 5052 ποτε

264 5076 310 5123 Καὶ
320 5074 423 5137 φυγάδας
434 5074 461 5124 ix
469 5078 512 5123 ταῦ
523 5074 654 5137 Βοσπόρου.
666 5114 673 5125 .
691 5113 698 5125 .
714 5111 721 5124 .
879 5077 925 5127 Καὶ
936 5076 1039 5144 ρυγάδας
1048 5076 1144 5135 οἰκῆσαί
1154 5090 1216 5130 τινας
1225 5078 1267 5123 τοῦ
1276 5072 1409 5137 Βοσπόρου.
1458 5126 1460 5131 ,
1754 5108 1770 5143 ,-

220 5144 271 5195 ilia
283 5145 395 5195 nonnulla
403 5146 426 5195 in
437 5150 562 5208 anonymo
572 5146 681 5208 leguntur
692 5157 747 5211 mim
759 5146 818 5205 item
832 5146 944 5199 lloxsrml
954 5144 1094 5213 e'Soymno,
1107 5137 1253 5209 quamquam
1267 5144 1393 5196 manifesta
1406 5143 1523 5195 orationis
1539 5142 1644 5197 metrica
1665 5135 1813 5197 resilii-⁰⁰¹¹

216 5218 355 5278 stipetmsi.
1024 5218 1025 5227 ’
