3775 5750
563 363 806 426 stenttsttus
830 361 953 424 etms
974 358 1114 423 MAGNI.
1344 377 1347 382 ·
1588 363 1644 426 sot

74 519 111 560 et.
138 495 223 579 [Ἀπὸ
245 497 375 576 Κιραλῶν
395 497 431 562 εἰς
459 494 595 555 Νεάπολιν
618 494 718 556 στάδιοι
742 493 817 577 ρν’.]
898 493 943 562 93·
965 492 1012 562 [A
1027 490 1196 574 &phalisod
1204 491 1342 563 Neapolim
1355 490 1537 575 stadia550.1
1569 494 1650 572 ‚Epe-

38 585 252 666 Προσριρόμενος
269 582 495 659 ρκτοῦπιλργους
509 582 668 663 &pamm
681 585 818 658 ταπεινὴν,
862 563 921 630 lage
947 562 1078 615 advehens
1103 561 1202 614 videbas
1226 572 1322 614 terram
1347 562 1490 625 humilem,
1517 573 1647 633 projectas

37 673 113 746 νηοθα
128 673 251 752 ἔχουσαν·
266 667 366 730 isuadi
381 672 466 734 αὐτοῖς
478 671 595 750 θγγθσῃς,
610 671 667 750 ὄψει
681 670 728 742 τὴν
743 673 818 731 πόλιν
862 631 1651 774 'Jffligefflsglfflffissfflfflfflffigbzqffiffi

36 759 251 840 παραθαλάσσιον
278 755 323 816 καθ
347 761 404 816 θῖνα
425 757 516 815 λευκὸν
538 758 583 816 καὶ
602 759 729 838 αἰγιαλόν·
752 765 768 830 ἡ
792 759 819 820 di
866 791 926 826 rum
945 792 978 826 ex
991 774 1077 826 arenis
1096 773 1269 826 eonssatorum
1281 783 1484 844 tractumatque
1497 774 1574 840 litus;
1587 773 1651 826 urbs

104 963 226 1032 Τρθιερων
238 960 313 1032 ἄκρον
442 964 490 1024 4οο
508 959 559 1014 55'.
617 961 665 1014 31⁰
683 968 735 1016 ao'.
869 969 963 1038 Leptin
975 969 1078 1032 attinet,
1101 967 1132 1020 τὰ
1149 968 1231 1033 vroh,
1250 985 1310 1038 quae
1322 969 1417 1021 Noster
1431 979 1570 1034 memorat,
1581 986 1596 1022 a
1609 989 1651 1023 re·

140 1041 250 1110 Σύρτεως
266 1039 386 1112 μεγάλης·
866 1046 1041 1110 centiorihns,
1053 1056 1182 1116 quantum
1201 1046 1270 1110 seio,
1287 1065 1341 1098 non
1361 1056 1555 1111 memorantur3
1569 1065 1650 1116 agno·

105 1119 232 1190 Κιστέρναι
445 1117 493 1180 43⁰
514 1115 563 1170 σθ’.
620 1119 678 1172 31⁰.
866 1140 937 1175 scere
949 1134 1036 1176 tamen
1048 1123 1108 1177 lioet
1119 1125 1147 1176 in
1159 1142 1254 1195 mappa
1266 1123 1389 1193 Smythii,
1404 1141 1463 1194 quae
1478 1123 1648 1180 inscribitur:

35 1198 143 1251 Numeri
157 1197 269 1269 appositi
280 1193 418 1249 eodicibus
429 1197 519 1249 ADFS
531 1194 741 1266 suppeditantur.
866 1201 952 1255 North
965 1205 1041 1254 Coest
1053 1201 1089 1270 os
1091 1201 1189 1270 Africa
1193 1202 1268 1271 from
1286 1200 1389 1272 Tripoli
1401 1213 1429 1253 to
1442 1202 1588 1256 Misrntnlr.
1600 1207 1650 1257 Ce-

69 1280 83 1344 S
98 1283 142 1332 9³.
158 1277 262 1328 Inclusa
274 1274 402 1346 supplevi,
413 1283 442 1326 ut
458 1274 584 1326 contiuua
593 1285 659 1327 esset
668 1277 746 1328 seties
761 1293 822 1328 nar·
867 1288 920 1332 tcta
931 1282 967 1333 ita
975 1281 1047 1333 locus
1059 1282 1085 1334 in
1095 1279 1240 1334 Stadiasmo
1249 1280 1416 1346 describitur,
1426 1291 1456 1333 ut
1465 1275 1536 1334 nunc
1545 1300 1651 1354 quoque

35 1355 153 1408 rationis.
169 1353 307 1408 Probabile
323 1363 410 1406 tamen
423 1363 556 1406 estonum
574 1353 664 1406 saltem
680 1354 766 1406 locum
782 1354 821 1406 in·
865 1370 982 1430 apparet.
1002 1359 1073 1412 Urbs
1095 1360 1143 1431 ipsi
1162 1359 1262 1430 adjacet
1281 1360 1361 1423 mari;
1378 1357 1454 1427 juxta
1475 1371 1536 1412 sunt
1556 1363 1650 1416 tumuli

34 1443 73 1487 ter
89 1433 216 1505 Cepbahs
224 1443 251 1486 et
265 1433 360 1504 Leptin
380 1431 567 1485 intermedium
579 1431 613 1485 ab
622 1443 729 1487 auctore
742 1431 821 1485 inisse
865 1455 951 1490 arenae
962 1437 1036 1502 absae,
1049 1437 1098 1491 sub
1113 1455 1165 1508 qua
1180 1437 1264 1508 major
1277 1455 1337 1508 pars
1349 1439 1486 1490 ruinarum
1502 1437 1563 1492 latet
1568 1461 1576 1504 ;
1588 1440 1650 1494 aedi·

34 1523 221 1567 memoratum·
236 1513 297 1566 Non
314 1511 406 1583 Scripsi
419 1509 452 1573 ele
465 1513 563 1577 Λὲπῒῑν,
583 1509 629 1565 ”d
642 1509 820 1577 saltrenen,
866 1515 925 1568 sicia
936 1535 967 1569 ex
986 1516 1046 1570 albo
1063 1518 1126 1570 item
1143 1516 1231 1588 lapide
1243 1527 1342 1569 structa
1361 1528 1444 1570 erant.
1459 1519 1542 1570 Vetus
1558 1532 1650 1590 portus

34 1594 161 1661 qnoniam
176 1592 264 1662 leptis
282 1607 379 1643 nomen
401 1588 469 1642 inim
483 1587 592 1642 demum
608 1588 747 1660 subjicitur
764 1608 822 1642 rer·
865 1596 952 1648 arenis
963 1615 1036 1649 nunc
1052 1596 1173 1649 obrutus.
1191 1595 1307 1666 Beoehey
1324 1595 1445 1666 Append.
1458 1613 1486 1666 p.
1499 1599 1524 1647 V
1540 1615 1547 1650 :
1567 1623 1578 1644 .
1593 1601 1651 1652 The

34 1672 74 1723 bis
90 1688 99 1723 ἰ
115 1671 174 1737 aian
185 1671 298 1723 καλεῖται
309 1670 403 1732 Λέπτις,
418 1669 436 1721 i.
448 1687 472 1721 e.
482 1667 542 1736 α”τη
552 1667 664 1721 καλεῖται
676 1669 718 1721 καθ
726 1670 820 1730 Λέπτις.
866 1684 926 1746 port
942 1676 1034 1728 isnow
1044 1674 1114 1728 filled
1132 1693 1184 1745 “Pi
1202 1674 1251 1728 but
1262 1673 1335 1727 [here
1348 1675 1476 1727 isasmal}
1490 1675 1562 1745 place
1570 1677 1651 1730 called

33 1750 136 1803 Eodem
151 1747 256 1817 modos
275 1749 308 1802 56
323 1748 432 1818 legimus
454 1763 460 1800 :
476 1746 525 1800 dni>
539 1747 708 1818 Πτολεμαΐδος
720 1747 752 1809 εἰς
765 1748 823 1801 Tsi-
866 1755 974 1807 Mersalt
997 1755 1122 1821 Ligutal,
1141 1772 1157 1806 a
1178 1754 1239 1807 mile
1257 1753 1339 1806 anda
1355 1752 1412 1806 hals
1431 1753 1485 1825 (ad
1500 1755 1650 1810 Hertnaeum

33 1849 107 1898 χειρα
121 1829 190 1882 orie.
203 1828 274 1881 ον’...
291 1826 356 1894 Αὕτη
371 1826 484 1878 καλεῖται
501 1825 618 1896 Ἀρσινόη.
637 1827 729 1898 Neque
748 1827 823 1880 aliter
866 1849 954 1903 prom.
965 1833 987 1904 ),
1000 1833 1088 1886 where
1101 1833 1174 1886 small
1189 1832 1354 1903 vesselsmay
1367 1832 1424 1885 lind
1442 1833 1547 1898 shelter,
1560 1846 1652 1906 eroept

33 1907 234 1976 intelligendum
249 1904 312 1974 §95
326 1901 390 1957 illud
404 1919 410 1956 :
429 1903 546 1956 Καλεῖται
566 1903 707 1974 Νεόσιιορα.
725 1907 822 1957 Ineon·
866 1911 929 1964 with
940 1911 1065 1965 thewind
1075 1911 1143 1965 from
1155 1912 1200 1964 the
1208 1910 1345 1965 menard,
1362 1933 1373 1961 s
1388 1914 1428 1964 De
1441 1912 1508 1964 urbe
1521 1931 1546 1966 v,
1560 1915 1651 1985 scylax

35 1987 116 2038 cinna
129 1987 207 2048 ratio,
220 2001 272 2055 qua
283 1982 317 2036 de
325 1983 367 2035 his
379 1992 513 2047 mouetur,
525 1984 631 2036 serioris
640 2001 733 2036 manus
746 1983 821 2036 addi·
866 2007 894 2060 p,
926 1991 960 2044 85
991 1991 1082 2061 ibique
1109 1989 1207 2043 laudati
1238 2001 1265 2043 et
1289 1990 1389 2044 Plinius
1413 1992 1453 2055 v,
1485 2008 1532 2060 ¹93
1562 1994 1652 2047 Livius

32 2065 158 2118 (lamenta
167 2065 294 2133 coarguit.
304 2064 315 2132 ll
329 2061 572 2133 -λειινιδν]ς67
584 2073 640 2116 erat
652 2064 709 2115 θῖνα
719 2062 819 2128 λευκήν.
866 2069 994 2134 XXXIV,
1018 2075 1067 2134 62;
1091 2069 1194 2123 Sallust.
1216 2071 1277 2138 Ing.
1302 2071 1351 2139 783
1375 2070 1508 2122 Ammian.
1535 2071 1651 2126 Marcell.

33 2144 139 2198 Deinde
150 2145 227 2198 veiim
239 2141 389 2207 ααὶἡιιόλις
399 2142 425 2194 δέ
439 2139 500 2193 ἔστι.
513 2141 640 2212 -Apud
652 2143 821 2194 Ptolemaeum
866 2147 995 2211 XXVIII,
1011 2151 1043 2211 ὃς
1060 2149 1172 2217 Prooop.
1188 2147 1229 2198 De
1253 2145 1323 2199 adit.
1341 2149 1390 2211 vl,
1402 2150 1428 2206 θ.
1450 2147 1514 2201 Bell.
1536 2147 1670 2204 Vandab

33 2235 95 2277 ante
107 2224 203 2295 Leptin
210 2231 373 2275 memoratur
385 2219 492 2290 Βαραθία
501 2230 627 2290 etquarta
639 2218 736 2290 gradhs
749 2231 822 2290 parto
866 2227 902 2289 II,
910 2241 955 2279 οι.
964 2225 1005 2279 Ci.
1014 2226 1093 2279 etiam
1099 2224 1260 2279 Abu-Obeid
1269 2224 1347 2278 Bekri
1356 2226 1384 2277 in
1391 2225 1499 2278 Noricos
1507 2238 1532 2278 et
1539 2229 1653 2281 retroire

35 2303 67 2354 ab
79 2321 114 2356 eo
127 2301 185 2356 loco
193 2300 294 2354 distans
308 2299 405 2354 ostium
415 2298 529 2370 Cinyphi
541 2298 631 2363 ssuvii,
646 2297 747 2369 dequo
764 2297 823 2350 vide
867 2314 933 2356 tom.
943 2305 1006 2368 XII,
1018 2322 1046 2375 p,
1067 2307 1129 2366 41⁰·
1150 2302 1238 2356 Edrisi
1251 2306 1275 2368 1,
1294 2322 1323 2374 p.
1337 2306 1399 2366 284.
1413 2306 1453 2356 De
1473 2306 1557 2358 ruinis
1570 2307 1653 2360 multa

35 2395 126 2437 notam
143 2382 177 2436 ad
197 2381 295 2454 seylae.
317 2399 345 2452 p.
370 2381 414 2435 85.
434 2381 507 2434 Della
524 2380 594 2434 Cella
613 2381 698 2433 viator
711 2381 822 2433 fluvium
866 2383 1103 2453 passimleguntur.
1117 2384 1174 2435 Prae
1187 2383 1279 2434 ceteris
1297 2383 1357 2435 ride
1367 2383 1484 2454 Reechey
1495 2401 1523 2455 p.
1537 2384 1568 2437 51
1580 2403 1650 2456 sqq„

35 2479 107 2516 nuno
129 2462 216 2514 vocari
234 2463 271 2514 ait
294 2465 416 2528 Quonim
429 2457 457 2511 id
477 2475 574 2511 nemen
595 2469 712 2511 sumtum
732 2476 787 2512 etse
807 2476 823 2512 a
868 2466 900 2531 74
917 2479 976 2532 sqq.
987 2472 1014 2514 et
1029 2463 1119 2515 Barth.
1132 2479 1160 2532 p.
1174 2463 1236 2526 306,
1251 2479 1306 2532 quo
1315 2460 1383 2514 duee
1392 2464 1494 2533 potiora
1505 2465 1595 2533 paucis
1606 2465 1653 2518 de·

36 2543 124 2594 Ka'an
137 2538 338 2610 vicoadjaooute
349 2548 421 2592 recto
435 2537 507 2592 haud
520 2537 601 2592 dubie
613 2537 692 2590 refert
700 2539 823 2592 Bar-thius
867 2539 981 2593 lineabo.
1006 2542 1153 2598 Ruinarum
1174 2539 1247 2593 locus
1264 2541 1291 2592 in
1303 2550 1405 2610 partem
1421 2541 1608 2596 ooeidentalem
1627 2556 1654 2597 et

35 2637 62 2689 p.
77 2621 141 2672 316.
152 2621 251 2672 (loutra
259 2617 376 2687 Beecbey
388 2635 417 2688 p.
429 2619 463 2671 80
480 2641 492 2663 ι
502 2616 714 2688 IbeCinypbus,
725 2619 822 2689 inquit,
867 2619 1022 2671 orientalem
1033 2618 1177 2685 xdirimitur
1198 2619 1367 2671 interfluente
1382 2628 1507 2683 torrente,
1522 2622 1567 2689 qui
1580 2621 1654 2674 alveo

35 2698 133 2751 ἰοιιοιν
152 2696 233 2750 called
250 2695 406 2750 tbeWadie
423 2695 548 2758 Kbihau,
563 2713 596 2748 or
611 2695 684 2748 weslr
704 2697 782 2760 river,
795 2697 823 2748 in
867 2715 916 2751 suo
930 2697 964 2750 ad
977 2698 1087 2750 marein
1105 2699 1193 2752 sinum
1204 2697 1314 2750 diducto
1327 2697 1540 2770 portumelleoit.
1554 2701 1654 2754 Lateris

35 2777 147 2830 allusion
156 2785 184 2828 to
193 2777 226 2828 its
239 2775 352 2844 sluggisb
362 2791 455 2828 course
470 2774 498 2826 in
517 2791 643 2838 summer,
658 2773 759 2844 though
771 2775 823 2828 itis
867 2774 1036 2829 occidentalis
1050 2793 1110 2847 pars
1123 2778 1190 2829 mari
1205 2778 1327 2847 proxima
1335 2776 1420 2829 solum
1432 2775 1511 2829 babet
1519 2777 1610 2830 elatius
1627 2789 1655 2832 et

35 2857 95 2923 still,
113 2867 141 2909 to
153 2854 241 2909 alittle
253 2853 370 2909 disunee
384 2851 485 2919 inland,
497 2871 512 2907 a
525 2851 704 2907 considerable
715 2865 822 2919 stream,
868 2855 895 2907 io
905 2854 1011 2926 pelagus
1022 2872 1191 2925 procurrens.
1205 2857 1237 2907 In
1250 2873 1280 2908 ea
1294 2865 1349 2908 erat
1361 2855 1424 2908 urbs
1434 2855 1550 2925 antiqua,
1561 2873 1577 2909 a
1590 2876 1654 2910 con-

35 2934 75 2987 lor
91 2933 257 3006 tlrispartol
267 2934 311 2987 the
324 2932 418 2987 world.
436 2958 447 2979 ι
466 2935 526 3004 Ipse
538 2932 663 3008 barthius
672 2950 770 2985 nomen
779 2950 823 2985 ac·
867 2936 968 2987 tinente
980 2936 1062 2988 ternis
1079 2937 1167 2988 cineta
1179 2936 1293 2999 moeniis,
1306 2952 1365 3005 quae
1385 2933 1497 2986 modieis
1515 2934 1655 2988 intervallis

35 3018 105 3085 cepit
121 3032 127 3065 :
141 3012 222 3067 ouddi
233 3013 335 3081 mag'cir
343 3012 413 3079 g'rin
426 3010 492 3079 (der
503 3017 589 3065 Situm
601 3011 651 3063 mit
662 3010 711 3063 den
720 3008 824 3083 Sumpf·
867 3014 1068 3085 separabantur,
1081 3013 1163 3066 moles
1172 3016 1289 3083 Ingentes
1302 3016 1393 3066 esaxis
1407 3012 1540 3084 quadratis
1550 3024 1656 3068 structe

36 3093 136 3145 behlen
146 3094 166 3159 ).
178 3091 332 3145 Plolemaeus
343 3092 392 3155 IV,
409 3090 424 3143 3
436 3107 464 3160 p.
479 3088 530 3141 265
549 3088 613 3141 oriri
625 3088 735 3139 fluvium
751 3088 787 3140 ait
796 3088 823 3138 ln
867 3094 922 3144 vim
936 3094 1023 3146 fluxus
1042 3090 1234 3162 infringebant,
1244 3092 1298 3156 ¹alia
1316 3092 1479 3145 munimenta
1490 3101 1574 3144 tutam
1589 3110 1655 3163 pra*-

35 3170 206 3224 Zacharlrnri
214 3166 557 3239 monte,quemiu26⁰latit.
567 3167 653 3237 ponit,
663 3165 825 3237 dumreepse
868 3170 973 3223 stabant
991 3170 1025 3223 ab
1051 3170 1137 3223 hoste.
1155 3170 1294 3222 &ssoente
1313 3168 1453 3222 bominum
1475 3168 1654 3234 multitudine,

35 3252 94 3303 sons
105 3252 134 3302 in
145 3248 211 3301 colle
221 3251 254 3302 sit
266 3250 307 3300 vix
324 3248 357 3303 50
366 3247 448 3300 stadia
460 3246 494 3299 ab
505 3246 578 3298 ostiis
587 3244 709 3299 distante.
719 3244 825 3297 Fluvios
869 3248 933 3301 urbo
943 3266 1022 3313 nova,
1033 3249 1075 3301 vta
1088 3248 1168 3310 πόλις,
1181 3258 1255 3299 extra
1264 3264 1356 3299 muros
1368 3264 1474 3316 surgere
1488 3248 1576 3317 coeptt.
1588 3250 1656 3315 Quae

33 3333 60 3383 in
73 3331 151 3384 alveo
164 3326 332 3393 labiturlato,
349 3326 466 3381 cavernis
478 3326 643 3395 interruptoa
656 3340 724 3393 aqua
735 3323 823 3394 limpi·
869 3344 952 3397 quum
966 3325 1136 3397 postmodum
1147 3324 1304 3396 metropolin
1318 3324 1499 3393 magnitudine
1510 3336 1654 3396 superaret,

33 3410 77 3473 da,
97 3406 147 3461 sed
160 3406 226 3460 male
237 3424 309 3459 nune
324 3424 401 3470 sana;
414 3422 472 3458 mm
487 3402 618 3473 Leptitani
630 3403 658 3455 in
676 3402 771 3455 urbem
782 3420 825 3455 ar·
870 3405 967 3458 sactum
983 3423 1039 3457 esse
1053 3404 1168 3470 ridetur,
1188 3413 1219 3456 ut
1235 3413 1290 3457 tota
1312 3405 1512 3474 Leptitanorum
1537 3404 1627 3457 civitas
1640 3424 1657 3459 a

32 3491 198 3541 resolverunt
218 3484 389 3556 aqueductu,
412 3482 487 3553 cujus
507 3491 609 3535 exstant
631 3479 737 3533 nidera.
761 3480 826 3534 Alite
869 3484 1012 3550 nonnullis,
1031 3484 1130 3537 Graecis
1146 3484 1271 3549 maxime,
1290 3482 1413 3543 Νεάπολις
1425 3492 1573 3536 vocaretur.
1597 3485 1655 3537 Pri·

33 3572 115 3621 etiam
130 3566 164 3619 ad
177 3566 288 3618 flurium
307 3564 391 3617 ruinae
406 3572 478 3626 sunt,
493 3560 528 3613 de
543 3560 640 3631 quibus
654 3561 690 3613 ita
702 3560 826 3613 Bartbius
869 3581 944 3616 reum
963 3580 1032 3616 nora
1050 3562 1115 3615 urbs
1134 3572 1161 3615 et
1182 3562 1238 3633 ipsa
1257 3562 1285 3613 in
1305 3559 1467 3613 oocidentale
1478 3560 1552 3613 iluvii
1576 3560 1656 3615 latere

32 3666 60 3719 p.
73 3648 129 3700 318
144 3663 149 3697 :
169 3666 180 3695 ι
191 3642 433 3714 Eigentbirmiieher
444 3641 481 3693 ab
492 3638 579 3694 dieser
587 3638 732 3710 Aquadukt
743 3640 825 3693 istoin
870 3641 1001 3707 substitit;
1017 3641 1113 3695 deinde
1130 3641 1277 3713 oppositam
1290 3656 1396 3711 quoque
1410 3640 1496 3710 ripam
1506 3643 1654 3711 occupavit,

33 3726 150 3779 arrideret
156 3724 204 3776 mit
213 3722 273 3776 dem
284 3722 357 3775 Fluss
368 3717 678 3788 zusammeubaeugender
687 3721 753 3772 Bau.
763 3720 825 3773 Man
871 3722 960 3793 ibique
980 3721 1093 3775 subinde
1114 3732 1190 3776 sueta
1210 3719 1319 3773 ulterius
1334 3718 1431 3772 moenia
1444 3718 1569 3789 protulit:
1593 3739 1655 3774 nam

34 3806 104 3858 sieht
125 3802 247 3856 naemliob
264 3801 332 3854 t'tber
349 3798 412 3853 dem
431 3800 505 3853 Fluss
523 3816 569 3851 aus
587 3798 825 3867 ausgereichnetem
870 3800 987 3854 duorum
1006 3818 1144 3854 murorum
1158 3798 1256 3853 rudera
1273 3799 1324 3851 alio
1341 3809 1461 3869 tempore
1477 3797 1559 3851 alium
1578 3797 1657 3852 luisse

34 3884 193 3951 maechtigen
207 3878 390 3935 Cemeutwerk
400 3877 566 3948 ausgelt'thrte
581 3882 718 3931 Terrassen
727 3878 829 3932 hmcbst
871 3880 944 3932 urbis
953 3880 1081 3933 ambitum
1087 3877 1429 3933 ostendunt.AEdificiorum
1438 3879 1522 3933 rutae
1530 3878 1657 3948 majorem

34 3961 218 4015 sonderbaren
242 3950 415 4022 Charakters,
444 3955 488 4008 die
509 3954 629 4009 offenbar
653 3956 827 4025 Karthagisch
870 3971 972 4030 partem
982 3978 1055 4013 nunc
1072 3970 1218 4013 cernamur
1228 3958 1256 4011 in
1270 3959 1328 4029 ripa
1337 3955 1508 4021 occidentale,
1518 3956 1564 4009 ubi
1573 3976 1656 4028 αιιιιιιι

36 4041 93 4095 und
107 4040 175 4093 elren
184 4038 246 4108 jeus
258 4056 309 4089 von
319 4036 413 4090 Strabo
424 4034 629 4087 besehriebenen
641 4034 745 4087 Werke
756 4034 826 4099 sind,
871 4041 957 4092 arenis
971 4049 1001 4091 ut
1011 4040 1155 4111 pluritatem
1167 4055 1242 4110 paene
1254 4047 1414 4106 tegerentur,
1428 4034 1538 4088 distrahi
1553 4036 1657 4090 saxaad

35 4120 125 4174 durch
137 4117 234 4170 welche
247 4115 291 4169 die
309 4114 457 4183 Karthager
470 4114 555 4183 einige
568 4113 619 4166 wol
637 4112 828 4168 unzweiselhali
871 4118 935 4171 alios
948 4136 1011 4171 usus
1029 4117 1100 4172 haud
1115 4118 1189 4172 facile
1206 4126 1337 4187 poterant.
1350 4117 1473 4167 &terum
1485 4126 1658 4169 monumenta

35 4196 86 4246 mit
98 4191 162 4245 dem
172 4194 261 4247 Flesse
272 4192 483 4261 iuVerbindung
492 4189 617 4245 steheude
629 4189 739 4243 lloehlen
749 4190 827 4244 iiber·
872 4194 1458 4268 insignioraprodunttemporaimperatorum
1464 4194 1655 4255 Romanorum,

36 4271 170 4325 bruchton
182 4284 234 4327 ete.
247 4297 260 4319 ι
285 4272 390 4325 Etenim
405 4271 500 4325 Strabo
516 4286 544 4339 p.
560 4270 613 4333 834
629 4285 635 4321 :
655 4267 725 4335 Ἑξῆς
740 4270 762 4321 δ’
777 4269 829 4324 lori
871 4276 940 4328 inter
956 4293 1023 4345 quos
1036 4275 1176 4346 Septimius
1187 4274 1297 4325 Severus
1315 4271 1434 4342 apprime
1446 4268 1549 4334 urbem
1564 4280 1657 4341 utpote

35 4350 151 4420 ποταμὸς
170 4350 295 4422 (Κίννφος
318 4366 417 4403 nomen
444 4348 579 4417 excidit),
604 4347 646 4400 καὶ
670 4347 732 4419 μετὰ
752 4353 829 4403 ταῦτα
871 4354 994 4423 patriam,
1005 4370 1111 4405 ornasse
1119 4350 1180 4420 jure
1188 4360 1319 4404 oensemr.
1329 4351 1517 4419 Imperatorem
1530 4348 1655 4419 palatium

36 4429 200 4500 ὃιατείχισμά
226 4450 266 4494 τι,
283 4430 298 4481 θ
321 4426 438 4495 ἐποίησαν
462 4426 646 4497 Καρχηδόνιοι,
671 4432 830 4498 γεφυροῦντες
872 4430 994 4485 habuisse
1005 4432 1033 4483 in
1045 4430 1121 4501 lepti
1137 4428 1213 4492 urbe,
1225 4446 1305 4499 quam
1319 4425 1381 4497 jure
1392 4426 1484 4480 Italion
1496 4425 1652 4492 donaverat,

37 4510 152 4579 βάραθρα
164 4528 220 4562 τινα
238 4508 271 4571 εἰς
292 4506 337 4575 τὴν
355 4509 440 4578 χώραν
458 4504 589 4575 ἀνέχοντα.
603 4503 703 4559 Eadem
721 4508 829 4578 βάραθρα
872 4512 1030 4580 aProoopio
1040 4507 1163 4580 proditur
1174 4508 1184 4579 (
1191 4510 1232 4560 De
1240 4505 1310 4561 aedil.
1321 4508 1371 4571 tt,
1382 4509 1409 4569 4.
1420 4505 1441 4577 ).
1453 4505 1553 4559 &culo
1562 4518 1658 4576 quarto

35 4590 87 4641 ista
109 4588 281 4658 probabiliter
304 4587 426 4641 barthius
449 4584 561 4637 indicari
587 4586 735 4655 suspioatur
758 4584 829 4657 apud
873 4589 1084 4642 abAusturianis
1106 4586 1239 4640 devmtata
1260 4586 1350 4657 Leptis
1369 4586 1521 4652 (Ammine.
1545 4587 1590 4649 28,
1607 4586 1656 4656 6),

35 4667 222 4732 Ptolemaeum,
238 4667 284 4719 uhi
302 4683 353 4738 pro
367 4664 475 4736 Repello
489 4660 629 4733 tegendum
643 4664 693 4715 erit
704 4662 827 4735 Βάραθρα,
872 4666 996 4738 deineeps
1008 4666 1092 4736 jaouit
1104 4682 1189 4736 usque
1209 4664 1274 4718 dum
1295 4664 1473 4718 alustiniano
1494 4662 1658 4734 aliquatenus

35 4740 829 4815 quantumvisrelragarirideaturnotadistantits.—Cinype
872 4746 1072 4810 instauraretur,
1096 4746 1143 4816 qui
1163 4761 1246 4815 quum
1269 4742 1457 4797 occidentalem
1482 4753 1583 4814 partem
1601 4742 1657 4812 jam

35 4824 138 4876 ssuvius
149 4841 233 4895 quum
247 4842 263 4877 a
276 4824 352 4895 Lepti
364 4820 443 4875 distet
457 4820 491 4874 ad
503 4818 587 4875 stadia
609 4822 659 4874 180
673 4836 679 4872 :
694 4822 783 4874 uncio
795 4838 829 4874 an
872 4825 959 4878 arenis
971 4824 1093 4877 obrutam
1106 4833 1266 4894 portumque
1287 4821 1379 4875 eadem
1391 4819 1426 4873 de
1447 4838 1524 4874 eausa
1539 4821 1657 4874 inutilem

35 4900 114 4975 apud
125 4902 256 4973 Scylacem
269 4903 303 4955 sit
320 4900 459 4971 legendum
470 4916 477 4953 ε
494 4898 542 4955 ἀπὸ
552 4899 578 4953 il
593 4898 656 4961 Νέας
665 4898 760 4962 πόλεως
771 4898 829 4954 dnl-
872 4902 1029 4967 offenderet,
1042 4903 1070 4955 in
1079 4900 1198 4954 orientali
1208 4910 1283 4972 parte
1293 4910 1367 4953 extra
1377 4896 1445 4952 duos
1455 4908 1555 4951 ναίεται
1567 4914 1660 4950 miuus

36 5000 81 5051 χει
96 4985 106 5048 (
119 4982 217 5054 Cinyps
229 4981 293 5035 urbs
306 4981 417 5053 Scylacis
426 4990 501 5033 aute
514 4976 735 5049 deserimini-iv
743 4980 829 5051 Σύρτιν
874 4982 957 5053 magis
972 4983 1103 5035 orientem
1122 4997 1212 5033 versus
1233 4996 1301 5032 nova
1323 4978 1421 5031 moeoia
1437 4976 1525 5042 duxit,
1543 4992 1658 5046 quorum

37 5058 172 5113 midisel
196 5058 249 5111 eal
274 5058 404 5113 ἑκατόν·
432 5058 503 5112 ἔστι
525 5058 578 5111 καὶ
605 5058 715 5129 ποταμὸς
742 5058 829 5130 Κῖνυψ,
874 5056 1534 5133 supersuntpsrticulae.-Portus‚quinunquam
1549 5072 1659 5125 magnus

38 5156 159 5209 quorum
172 5138 231 5191 loco
247 5138 329 5191 coelen
347 5138 444 5192 babet:
459 5138 545 5191 στάδια
556 5136 590 5191 π’·
606 5136 646 5193 ὑπ’
659 5138 732 5191 αὐτὸν
747 5136 829 5211 (deb.
874 5158 924 5193 nee
935 5140 986 5193 nisi
997 5148 1054 5191 arte
1064 5137 1151 5190 bonus
1161 5136 1242 5190 fnisse
1259 5145 1354 5207 potest,
1374 5133 1483 5204 quando
1494 5132 1594 5185 obstrui
1604 5150 1657 5186 σα-

39 5216 165 5271 ιιεσίοθπ’
180 5216 255 5285 ababa
267 5217 276 5288 )
287 5219 308 5270 δ’
322 5218 374 5274 ἐστὶ
394 5218 504 5291 nesepha
523 5217 606 5289 libuli.
627 5246 663 5259 -
682 5221 741 5273 Jaut
757 5217 829 5289 quod
874 5220 958 5292 perit,
979 5218 1120 5273 nmdmut.
1142 5214 1320 5271 Commodum
1341 5212 1429 5268 adhuc
1444 5211 1524 5267 ittisse
1538 5213 1658 5285 Septimii
