3775 5750
671 349 720 409 DE
742 348 935 409 ANONYMO
960 346 1092 408 POETA.
1577 366 1681 412 ιιιιιι

57 488 94 543 tis
111 486 234 559 legitur,
247 483 297 541 sed
314 482 349 540 ad
364 502 406 541 vs.
421 486 489 553 287,
502 502 561 558 ipro
573 482 637 558 ipso
652 481 717 537 loco
731 480 851 558 Apollo·
897 481 980 555 genis
996 480 1086 537 Stoici
1106 492 1133 535 ct
1154 479 1311 536 Aristarchi
1330 480 1491 556 discipulas
1509 480 1600 537 simili
1620 502 1681 540 mo-

57 584 127 638 nins
160 581 299 657 Rhipaeos
332 591 444 635 montes
474 589 690 635 commemorat.
726 578 852 633 Omnino
897 576 935 633 do
959 576 1113 634 historiam
1147 595 1289 633 annorum
1324 578 1405 633 inille
1429 590 1458 633 et
1492 577 1683 652 quadraginta

57 692 156 733 antem
178 676 350 733 llolstenius
371 686 496 731 amente
511 671 674 729 scholiasta
689 670 850 741 aberravit,
898 672 1059 745 (ralla-145
1075 691 1102 727 a.
1115 670 1171 747 ss),
1185 671 1255 728 inde
1266 690 1283 727 a
1293 670 1391 748 'l'rojae
1409 670 1524 728 excidio
1539 691 1631 748 usquc
1646 674 1681 730 ad

57 776 109 847 qui
135 792 197 829 non
221 771 278 828 boc
299 770 399 828 dicere
429 770 537 839 voluit,
562 768 639 845 apud
664 768 851 845 Apollonium
897 778 1069 841 praesentem
1084 778 1196 822 aetatem
1217 764 1303 843 (ἄχρι
1320 769 1366 823 τοῦ
1380 770 1424 821 νῦν
1441 763 1497 842 βίου
1508 765 1634 840 mai),
1651 769 1683 824 in

59 870 168 927 istrum
178 888 197 925 e
211 852 763 945 septentrionalibusregionibusoriri,
775 864 851 942 apud
897 862 1072 919 discentium
1088 880 1171 919 usum
1183 862 1362 938 exposuerit,
1375 880 1497 937 eamque
1511 862 1607 919 Attalo
1616 862 1683 919 Phi·

58 965 220 1039 Scymnum
237 976 334 1021 autem
350 982 387 1019 ex
397 958 641 1030 occidentalibus,
658 959 708 1017 sed
727 959 781 1016 hoc
800 980 852 1036 po·
897 958 1033 1036 ladelpho
1044 958 1267 1035 nuncupaverit.
1276 956 1468 1039 ltaqueanno
1478 960 1583 1037 ¹4:73le
1594 979 1681 1036 quem
1746 964 1795 1027 ‘fr‘
1822 979 1843 1024 '4

60 1060 128 1128 iius,
145 1059 301 1136 Apollonii
320 1057 424 1115 istrum
440 1057 472 1113 in
481 1054 653 1131 Scytharum
666 1067 694 1111 et
706 1053 851 1111 Thracum
896 1053 1199 1111 desieruntChronica
1209 1051 1383 1130 Apollodori
1396 1051 1581 1110 Atheniensis
1595 1054 1680 1131 (nam

60 1142 200 1211 confiniis
214 1155 247 1210 in
263 1152 323 1209 duo
334 1150 429 1209 scindi
444 1150 575 1221 flumina,
592 1169 716 1225 quorum
730 1150 851 1207 alterum
898 1148 977 1207 hunc
991 1149 1050 1207 dici
1064 1149 1247 1226 philologum
1258 1149 1386 1205 Atticum
1396 1148 1528 1205 unanimi
1539 1168 1681 1207 consensu

59 1250 88 1303 in
110 1248 314 1317 Adriaticum,
329 1247 451 1304 alterum
478 1246 509 1303 in
530 1243 743 1321 Tyrrhenicum
772 1262 852 1300 mare
896 1242 1096 1322 statuuntffl,
1111 1242 1173 1320 jam
1192 1243 1303 1301 vixisse
1323 1241 1427 1299 Noster
1441 1241 1681 1320 ridetur,quam·

61 1342 179 1413 [εἰςτὴν
194 1342 257 1398 καθ’
275 1344 347 1416 ἡμᾶς
368 1340 502 1397 θάλασσαν
517 1338 524 1417 ]
540 1339 668 1408 ellundi,
688 1338 765 1415 apud
777 1340 851 1415 Scy·
896 1358 984 1415 quam
1011 1352 1080 1395 tunc
1103 1337 1246 1416 puerilem
1268 1350 1379 1395 aetatem
1398 1336 1528 1394 nondum
1549 1357 1681 1412 egressus

60 1454 158 1493 mnum
169 1450 270 1494 autem
286 1436 394 1493 istrum
406 1432 482 1492 αὐτὸν
496 1434 621 1511 μόνον,ἱ.
636 1452 662 1494 e.
679 1432 850 1490 continuum
897 1433 995 1495 luerit.
1006 1433 1167 1511 Scripsisse
1178 1452 1246 1491 eum
1265 1452 1325 1510 quo
1339 1445 1559 1510 temporereges
1574 1433 1681 1509 Perga·
1715 1474 1719 1481 ·

60 1552 153 1608 neque
174 1535 208 1591 in
241 1532 329 1609 plura
350 1532 470 1591 {lumina
491 1532 664 1603 discretum,
690 1550 707 1589 c
731 1530 852 1590 desertis
896 1530 1041 1606 menijam
1053 1527 1231 1600 defecerant,
1240 1529 1304 1588 sive
1316 1541 1511 1607 postmortem
1523 1528 1679 1601 Aitaiilll,

57 1627 235 1704 regionibus
251 1628 370 1688 deferri.
389 1630 449 1688 lloc
463 1643 557 1689 autem
572 1632 596 1687 si
610 1629 753 1706 Scymnus
766 1630 850 1700 dixit,
897 1626 1100 1685 indicaturus.
1116 1628 1150 1683 16
1161 1624 1262 1683 verbis
1278 1647 1285 1682 ι
1369 1660 1378 1675 ·

59 1740 192 1803 apertum
204 1741 250 1785 est
263 1730 349 1802 longe
363 1729 448 1786 aliam
460 1727 495 1785 de
504 1726 571 1784 lstri
584 1745 671 1784 cursu
682 1728 852 1784 sententiam
1215 1724 1269 1788 τοῖς
1280 1723 1307 1780 ἐν
1320 1722 1457 1801 Περγάμῳ

60 1837 216 1900 sequutum
241 1844 308 1882 csse
331 1826 503 1902 scriptorem
525 1824 728 1898 Periegeseos,
749 1826 799 1901 qui
824 1838 852 1882 et
938 1821 1100 1897 βασιλεῦον,
1113 1810 1149 1877 ὧν
1163 1823 1181 1889 ἡ
1195 1818 1257 1887 δόξα
1270 1819 1316 1877 καὶ
1330 1820 1491 1889 τεθνηκότων

60 1938 145 1977 versu
158 1921 219 1988 664
235 1932 266 1977 et
280 1939 315 1977 eo
327 1921 408 1997 ipso,
422 1920 457 1977 de
473 1940 533 1997 quo
544 1918 712 1977 llolstenius
722 1919 850 1992 disserit,
935 1912 1009 1992 παρὰ
1026 1924 1106 1973 πᾶσιν
1117 1918 1182 1989 ἡμῖν
1191 1918 1263 1981 ζῶσα
1277 1913 1321 1971 διὰ
1337 1914 1434 1979 παντὸς
1448 1914 1529 1991 μένει.

60 2014 122 2071 loco
136 2014 211 2072 satis
235 2014 376 2085 ostendit,
398 2033 429 2073 se
440 2014 560 2072 eandem
575 2034 661 2091 quam
677 2015 853 2089 Apollonius
898 2008 1003 2083 Regem
1027 2023 1123 2070 autem
1135 2009 1294 2085 Bithynia,
1312 2009 1347 2067 ad
1362 2028 1449 2085 quem
1470 2008 1562 2067 rerba
1581 2025 1681 2069 auctor

59 2108 93 2164 de
109 2108 189 2165 lstro
212 2110 246 2167 in
264 2110 350 2186 plura
368 2110 488 2167 flumina
505 2108 602 2167 diviso
616 2110 786 2167 sententiam
806 2129 854 2167 se·
895 2102 1008 2178 dirigit,
1021 2104 1080 2162 dici
1095 2102 1436 2189 putaverisNicomedeni
1448 2102 1679 2182 lllipiphanem,

59 2218 183 2278 quutum
198 2222 282 2277 esse,
297 2224 363 2280 quae
383 2204 529 2262 resetiam
552 2205 659 2262 clarius
676 2203 852 2279 intelligere·
895 2198 1007 2256 Prusiae
1026 2198 1053 2255 ll
1068 2202 1114 2255 τοῦ
1134 2202 1247 2275 κυνηγοῦ
1267 2198 1377 2267 lilium,
1393 2199 1445 2273 qui
1462 2216 1516 2274 per
1537 2200 1681 2276 quinqua·
1753 2225 1763 2253 ι

60 2312 114 2369 tur,
144 2300 171 2357 si
198 2301 315 2374 integer
337 2299 494 2375 Periegetae
519 2300 601 2357 locus
621 2312 753 2359 servatus
767 2313 852 2370 esset,
895 2296 976 2371 ginta
991 2309 1056 2353 octo
1066 2314 1158 2353 annos
1175 2295 1299 2371 (ιόμμι
1315 2314 1344 2351 a.
1362 2294 1415 2369 C.)
1431 2298 1581 2371 regnavit;
1592 2296 1681 2373 hujus

60 2395 107 2469 qui
132 2414 195 2451 non
218 2394 344 2452 dubium
365 2406 409 2453 est
431 2396 504 2471 quin
527 2394 583 2452 hoc
602 2394 724 2465 dixerit,
748 2394 853 2452 lstrum
896 2392 974 2449 enim
986 2405 1117 2470 tempora
1127 2412 1192 2449 cum
1210 2392 1257 2463 iis,
1272 2410 1338 2467 quae
1354 2390 1505 2467 hucusque
1519 2393 1679 2463 attulimus,

59 2490 194 2563 quinque
216 2489 304 2547 ostiis
327 2490 358 2547 in
383 2489 520 2561 Pontum,
546 2488 661 2547 duobus
677 2503 771 2547 autem
787 2510 853 2566 par·
894 2489 1005 2565 optime
1016 2488 1175 2545 convenire
1183 2488 1350 2545 videantur.
1362 2492 1495 2545 Attamen
1505 2488 1594 2546 dehis
1605 2504 1683 2547 ante·

61 2586 107 2639 tim
124 2586 156 2640 in
173 2582 361 2640 Adriaticum
375 2584 482 2661 partim
496 2585 528 2641 in
547 2584 760 2660 Tyrrhenicum
776 2604 854 2641 mare
895 2602 982 2659 cluam
1009 2582 1192 2660 judicemus,
1222 2581 1376 2640 audiamus
1412 2582 1535 2659 reliqua.
1567 2582 1680 2641 Etenim

62 2678 187 2736 effundi.
202 2678 307 2754 ltaque
323 2698 383 2735 non
394 2692 505 2737 tantum
519 2680 596 2737 inter
609 2678 670 2757 arpi
684 2692 712 2737 et
726 2678 855 2757 οχιζόμι-
894 2692 981 2755 poeta
988 2691 1086 2736 noster
1094 2690 1250 2755 postquam
1264 2676 1392 2735 Atticum
1403 2677 1490 2733 istum
1500 2676 1680 2755 philologum

61 2796 99 2835 ιιι
113 2773 270 2830 sedetiam
286 2774 362 2831 inter
377 2773 529 2851 σχιζόμενος
540 2787 569 2830 et
582 2773 628 2831 καὶ
642 2776 678 2839 εἰς
693 2772 795 2853 Ἀδρίαν
804 2774 855 2831 ali·
894 2774 1049 2832 Chronicis
1066 2773 1162 2831 Attalo
1174 2772 1316 2831 dedicatis
1330 2792 1464 2848 magnam
1482 2774 1543 2848 regi
1558 2775 1680 2848 gloriam

60 2870 129 2946 quid
142 2870 291 2927 omissum
299 2889 362 2928 esse
369 2868 505 2930 arbitror.
516 2870 568 2929 llis
580 2870 741 2948 profligatis
753 2891 854 2948 super·
895 2891 1078 2950 comparasse
1088 2871 1176 2943 dixit,
1189 2890 1221 2930 se
1234 2873 1329 2949 ipsum
1339 2872 1381 2929 ait
1398 2890 1472 2948 opus
1493 2890 1577 2929 suum
1591 2870 1682 2930 Nico-

6 3015 7 3018 ,
62 2985 222 3022 vacaneum
240 2983 304 3023 esse
324 2967 541 3042 putoalteram‚
555 2986 641 3043 quam
657 2965 693 3024 de
710 2965 854 3025 librorum
894 2967 973 3025 medi
997 2967 1199 3024 dedicaturum
1218 2986 1253 3024 ea
1276 2966 1312 3024 de
1334 2985 1367 3024 re
1387 2966 1494 3024 adiisse
1516 2966 1680 3043 Apollinem

63 3079 186 3118 numero
202 3061 298 3118 movit
309 3060 488 3132 llolstenius,
504 3059 716 3119 dubitationem
729 3061 855 3120 refutare
897 3062 1093 3138 Didymaeum,
1118 3062 1171 3137 qui
1192 3080 1209 3118 a
1228 3059 1384 3119 Nicomede
1405 3080 1522 3137 quoque
1546 3062 1682 3136 religiose

62 3157 223 3233 copiosius.
240 3155 283 3212 Ac
297 3155 472 3232 conjecturae
492 3156 550 3214 viri
564 3155 727 3216 doctissimi
739 3176 797 3214 non
814 3157 853 3215 ia·
895 3158 1008 3216 colatur
1023 3171 1052 3215 et
1066 3158 1139 3215 olim
1154 3158 1243 3216 etiam
1255 3171 1369 3236 patrem
1383 3157 1448 3234 ejus
1461 3157 1491 3215 in
1506 3176 1596 3232 regno
1607 3157 1682 3216 bene

63 3269 130 3307 vere
141 3249 336 3308 scholiastam
346 3249 532 3320 Parisinum,
546 3252 597 3327 qui
612 3249 673 3309 baec
687 3252 728 3310 ita
747 3253 855 3330 scripta
895 3253 1100 3313 constituendo
1110 3253 1268 3330 adjuverit.
1282 3253 1379 3312 Verba
1388 3253 1448 3310 haec
1460 3267 1528 3312 srmt
1541 3275 1570 3311 v.
1587 3254 1623 3311 50
1640 3277 1646 3309 ε

64 3346 192 3420 profert,
209 3345 238 3402 ἐν
258 3347 292 3422 τῇ
308 3343 343 3410 ις’
356 3346 408 3400 τῶν
423 3345 483 3422 περὶ
500 3345 644 3423 Εὐρώπης,
657 3346 745 3423 jama
760 3347 853 3404 Schae·
935 3349 1007 3426 Ἐγὼ
1019 3349 1042 3406 δ’
1065 3347 1167 3406 ἀκούων
1179 3347 1244 3405 διότι
1257 3351 1308 3405 τῶν
1323 3353 1367 3404 νῦν
1388 3347 1517 3426 βασιλέων

64 3442 123 3499 iero
146 3441 296 3499 monitum
314 3440 412 3500 video.
435 3439 499 3498 Noa
518 3441 685 3516 negaverim
706 3455 801 3501 tamen
823 3443 855 3500 in
937 3436 1013 3518 μόνος
1029 3441 1168 3522 βασιλικὴν
1181 3439 1534 3521 χρηστότςτααροορέρεις,

66 3555 189 3594 numero
204 3547 335 3593 erratum
348 3553 410 3592 esse
426 3556 433 3592 ι
450 3536 516 3613 quis
530 3537 608 3594 enim
623 3539 701 3596 serio
715 3537 772 3596 sibi
786 3559 855 3616 per·
936 3540 1028 3618 πεῖραν
1038 3536 1182 3613 instigas·
1194 3534 1269 3603 αὐτὸς
1281 3538 1323 3593 ἐπ’
1335 3537 1449 3611 ἐμαυτοῦ
1459 3535 1550 3592 hedris

65 3633 202 3706 suadeat,
223 3629 319 3688 ullum
341 3649 470 3704 unquam
486 3643 617 3689 veterum
640 3633 855 3709 clrorographo·
936 3637 982 3695 καὶ
995 3633 1189 3715 παραγενέσθαι
1204 3631 1249 3691 καὶ
1262 3632 1288 3690 τό
1299 3631 1421 3712 βασιλεύς
1433 3631 1486 3690 ἐστ’
1498 3633 1572 3708 ἰδεῖν,

65 3747 145 3800 rum,
161 3726 274 3784 nedum
295 3727 413 3784 obscuri
435 3727 562 3786 nominis
576 3729 747 3807 scriptorem
763 3743 792 3788 et
804 3751 855 3790 ra·
936 3729 968 3788 ἵν’
985 3729 1062 3797 αὐτὸς
1072 3728 1168 3809 ἑτέροις
1183 3730 1262 3786 πάλιν
1278 3726 1527 3806 ἀπαγγελλεινέχω.

67 3822 182 3880 rissime
206 3839 225 3877 a
244 3819 393 3899 Stephano
409 3821 445 3878 ad
460 3835 555 3899 partes
569 3836 717 3896 vocatum,
743 3825 779 3883 de
795 3827 857 3884 sola
937 3822 1161 3905 Διὸτῇαροθίαιι
1175 3821 1324 3899 ούμὸοολον
1335 3820 1489 3897 ἐξελεξάμην

66 3915 185 3994 Europa
205 3913 334 3974 sedecim
354 3913 447 3973 libros
467 3916 651 3974 condidisse?
673 3917 773 3996 ltaque
798 3941 856 3979 non
936 3923 981 3980 τὸν
996 3920 1249 4001 ουγκατορθώοαναα
1261 3919 1354 3998 καὶτῷ
1368 3921 1408 3999 σῷ
1419 3917 1501 3997 πατρί

67 4009 857 4090 ιιιιιρειιιειιιειμιίἀειιι,ιίιγοίιιιοιιόεοίιιιιιιιιιειιῑιιιιι
936 4017 971 4074 τὰ
986 4020 1032 4088 τῆς
1047 4015 1181 4094 βασιλείας
1189 4015 1327 4094 πρότερον,
1338 4018 1373 4080 ὡς
1389 4014 1529 4091 ἀκούομεν,

69 4107 188 4184 Scymni
202 4107 326 4178 librum,
338 4105 388 4163 sed
399 4119 511 4164 sextum
522 4107 568 4184 (ἐν
577 4111 610 4185 τῇ
620 4107 645 4172 ς’
660 4111 710 4166 τῶν
722 4108 783 4188 περὶ
797 4113 857 4170 Εὖ·
938 4113 1012 4192 παρό
1022 4112 1063 4171 σοί
1073 4135 1118 4184 τε,
1138 4115 1261 4190 βασιλεῦ,
1281 4111 1394 4189 γνησίως
1407 4111 1554 4187 τιμώμενον

69 4201 171 4278 ριἰαης)
183 4221 200 4258 a
213 4199 372 4260 scholiasta
382 4215 639 4260 commemoratum
648 4203 857 4264 existimaret.»
938 4209 1122 4282 καταπιόντα,
1135 4209 1178 4267 τὸν
1191 4208 1343 4269 Ἀπόλλωνα
1355 4208 1399 4267 τὸν
1409 4211 1511 4284 delegi,
1523 4207 1601 4284 λέγω.

105 4301 159 4358 llis
183 4300 278 4375 igitur
314 4300 399 4358 istam
432 4299 468 4358 de
503 4299 631 4378 Scymno
658 4301 733 4358 Chio
766 4305 857 4362 nostri
898 4308 963 4366 lam
978 4327 1049 4365 vero
1059 4305 1403 4364 constatNicomedcmll
1414 4305 1547 4362 Prusiam
1558 4316 1680 4380 patrem,
1725 4353 1732 4366 .

71 4397 213 4473 poematis
248 4409 368 4454 auctore
394 4397 585 4473 quaestionem
615 4397 685 4455 satis
714 4417 859 4476 superque
898 4405 997 4463 virum
1010 4407 1160 4478 ignavum,
1174 4404 1383 4474 saevissimum,
1398 4400 1530 4476 Bithynis
1544 4399 1681 4458 inlensis·

72 4491 232 4552 lleinelius
247 4494 428 4572 profligavit.
441 4493 549 4552 Verum
567 4495 718 4573 scriptoris
736 4516 856 4569 nomen,
901 4501 1020 4570 simum,
1032 4519 1115 4576 aquo
1127 4517 1180 4576 per
1187 4511 1275 4556 totam
1287 4499 1378 4554 vitam
1388 4496 1574 4571 dissenserat,
1588 4495 1684 4571 cujus·

72 4587 136 4646 dum
153 4590 265 4648 certior
277 4589 329 4648 lux
339 4589 474 4651 alicunde
484 4590 643 4664 affulserit,
658 4592 688 4650 in
700 4593 796 4652 medio
810 4615 858 4652 re·
899 4616 956 4675 que
968 4595 1090 4655 insidias
1102 4615 1178 4670 aegre
1189 4595 1341 4670 effugerat,
1354 4592 1485 4662 tandem,
1500 4589 1622 4668 juvante
1635 4595 1682 4649 At·

73 4686 244 4764 linquimus.
900 4693 972 4764 talo,
994 4711 1084 4766 regno
1096 4689 1215 4766 ejecisse
1228 4691 1317 4766 inque
1326 4687 1411 4745 lovis
1425 4686 1533 4763 templo
1543 4687 1684 4744 occidisse

113 4803 178 4844 ιιι.
190 4784 234 4840 lla
247 4803 341 4840 araas
354 4802 526 4844 scamonrs.
536 4783 572 4842 ln
582 4785 750 4861 praelatione
760 4798 859 4844 auctor
901 4784 1202 4864 (Appiamllithridat.
1212 4804 1237 4841 c.
1247 4805 1262 4855 7
1272 4779 1635 4858 ;c011.1‘01ybi0xxxvii,
1644 4780 1681 4854 a).

75 4877 256 4938 Nicomedem
266 4881 434 4955 regem,cui
443 4901 517 4960 opus
525 4882 687 4956 dedicatur,
696 4883 857 4959 alloquens,
902 4883 1053 4940 llunccine
1084 4881 1216 4938 Prusiam
1245 4876 1349 4936 Noster
1389 4878 1535 4956 Apollinis
1566 4897 1621 4954 ope
1652 4877 1683 4933 in

75 4977 215 5050 periegesi
230 4995 283 5035 sua
298 4989 391 5035 metro
404 4979 516 5036 comico
531 4980 640 5058 scripta
654 4980 818 5056 exemplum
829 4999 860 5038 se
903 4997 993 5052 regno
1007 4978 1151 5035 firmatum
1166 4993 1229 5033 esse
1241 4975 1370 5052 censuit,
1391 4973 1478 5052 idque
1492 4972 1641 5031 Nicomedi
1658 4971 1684 5028 ll

76 5085 199 5130 secutum
212 5073 440 5150 esseprofitetur
449 5072 592 5152 philologi
607 5075 707 5146 Attici,
721 5073 772 5150 qui
788 5075 857 5132 Dio·
902 5074 1028 5133 occisori
1054 5071 1210 5130 dicendum
1231 5072 1264 5129 in
1282 5070 1337 5128 hac
1357 5071 1480 5148 epistola
1505 5069 1685 5127 dedicatoria

104 5243 137 5306 i')
146 5247 207 5298 sant
218 5248 309 5310 umen,
318 5260 375 5309 qua
387 5247 443 5298 lroic
454 5249 578 5300 sententiae
590 5248 710 5299 adversari
721 5249 811 5312 ροιιίιιῑ
822 5249 904 5312 rideri,
916 5252 944 5301 ut
960 5249 990 5299 ad
1008 5248 1138 5310 fragmenta
1153 5246 1289 5312 Apollodori
1301 5243 1456 5309 geographica
1465 5243 1576 5295 monebo.
