3775 5750
202 358 256 407 182

120 479 262 558 vionagii<
288 477 422 553 dibilitate,
449 476 494 535 καὶ
520 482 565 549 τῆς
593 478 722 549 θαλάττης
753 477 831 557 βάθος
855 479 981 557 ἐχούσης,

198 566 334 625 όιιλύδων
355 566 417 625 ποτὲ
437 566 484 643 μὲν
503 566 662 633 εἰσπίπτων,
680 567 743 625 eorl
764 566 790 625 δὲ
813 570 982 625 παλισσυτῶν

201 654 292 733 βρόμῳ
314 654 421 733 μεγάλῳ
443 654 628 733 παραπλήσιον
648 646 713 734 ἦχον
736 654 829 725 ἐξίησι.
870 658 926 715 Τοῦ
954 655 981 713 δὲ

199 740 315 816 κύματος
324 742 353 799 τὸ
363 740 410 816 μὲν
424 741 487 819 πρὸς
499 742 615 818 μεγάλας
628 742 724 822 πάτρας
737 742 982 823 προσαραττόμενον
1047 788 1053 798 .

174 831 236 895 saie
249 828 310 909 ὕψος
327 828 431 888 ἰ’σταται
446 830 491 887 καλ
504 830 548 888 τόν
568 830 649 909 άμρόν
670 832 821 906 θαυμαστὸν
842 832 872 890 τὸ
885 834 983 903 πλῆθος

199 919 404 990 κατασκευάζει,
414 918 445 976 τὸ
462 916 489 976 δὲ
504 918 712 993 καταπινόμενον
727 921 846 995 κοιλιυμα
859 920 982 996 σπασμὸν

200 1015 269 1064 ποιεῖ
282 1006 512 1079 καταπληκτικόν,
523 1004 591 1065 ὥστε
607 1006 666 1073 τοὺς
688 1008 815 1073 ἀκουσίως
830 1008 984 1086 ἐγγίσαντας

200 1098 251 1161 τοῖς
263 1093 348 1159 τόποις
363 1094 405 1153 διά
419 1096 450 1153 τὸ
465 1093 520 1161 δάος
539 1093 616 1153 οἱονεὶ
631 1095 865 1175 προαποθνήσκειν.
906 1094 983 1154 Ταό-

199 1205 247 1250 την
260 1181 307 1259 μὲν
328 1175 371 1240 οὖν
386 1181 433 1252 τὴν
458 1174 584 1263 παράλιον
602 1180 706 1261 ἔχουσιν
720 1180 831 1262 Ἀραόες
851 1184 874 1241 ol
887 1183 983 1241 καλοό·

163 1296 186 1332 to
200 1294 273 1347 μενοι
287 1269 467 1347 θαμουόηνοί·
484 1270 532 1341 τὴν
547 1272 570 1328 δ’
583 1269 641 1340 ἑξῆς
655 1272 744 1349 ἐπέχει
763 1271 860 1337 κολπος
876 1271 985 1348 adpari-

199 1364 254 1429 θης,
268 1358 438 1435 ἐπικειμένων
452 1360 524 1439 αὐτῷ
533 1358 621 1431 νήσων
637 1358 784 1437 σποράδων,
795 1358 843 1428 τὴν
855 1358 984 1439 πρόσοψιν

200 1448 316 1524 ἐχουσῶν
342 1447 519 1522 epotas-,tete
541 1446 716 1523 καλουμέναις
740 1447 862 1525 Ἐχινάσι
885 1447 982 1517 νήσοις.

201 1533 372 1613 Ἰίκδάχονται
383 1534 410 1592 tt
418 1534 517 1605 ταύτην
529 1531 575 1603 rhu
587 1535 716 1613 παράλιον
728 1534 809 1613 σἰάριαι
819 1536 884 1600 θῖνις
895 1535 985 1608 ἄμμου

200 1624 270 1680 κατά
285 1646 313 1680 τε
324 1622 354 1680 τὸ
369 1627 452 1699 μῆκος
464 1624 510 1681 καὶ
524 1622 553 1681 τό
567 1624 681 1693 πλάτος,
703 1624 813 1700 μέλανες
830 1621 875 1692 rin
889 1622 1001 1700 χρόαν.,

163 1732 187 1772 ts
204 1710 279 1770 Μετὰ
290 1708 316 1768 δὲ
329 1711 432 1776 τούτους
444 1714 537 1789 ὁρᾶται
555 1710 711 1791 χερρόνησος
730 1710 774 1768 καὶ
788 1708 867 1785 λιμὴν
881 1711 917 1774 εἷς
936 1709 985 1764 αὖ·

202 1922 292 1973 tation.
309 1924 331 1975 λ
343 1931 453 1974 stratum
468 1921 499 1974 ol
507 1921 583 1973 black
592 1932 667 1974 stone
681 1940 717 1973 on
730 1921 775 1973 the
786 1918 887 1971 suriaco
905 1916 988 1969 oitlre

201 2000 260 2052 hills·
273 1999 326 2052 and
334 2001 416 2072 plains
427 2002 497 2069 gives
508 2000 551 2053 the
559 2000 642 2052 whole
652 2018 667 2052 a
678 1996 812 2051 blaekand
824 1996 936 2049 desolate
945 2014 990 2065 ap-

201 2098 336 2149 pearance.
347 2082 404 2133 'lhe
414 2089 486 2132 coast
499 2081 520 2132 is
532 2079 615 2150 partly
627 2077 732 2130 fronted
747 2077 814 2129 with
825 2088 898 2145 steep
915 2092 991 2126 over-

201 2158 316 2227 harrging
326 2158 392 2211 clills
404 2158 435 2211 ol
443 2158 512 2211 ooral
523 2157 575 2211 and
588 2156 737 2209 sandstone.
748 2158 827 2208 From
835 2154 904 2207 their
918 2152 988 2215 base,

202 2247 231 2289 to
239 2239 282 2290 the
291 2237 407 2291 distance
414 2238 445 2291 ol
449 2238 529 2291 about
540 2235 701 2307 lortyyards,
710 2234 819 2287 extends
827 2252 841 2285 a
849 2232 912 2285 level
920 2231 990 2283 hand

203 2316 322 2380 olroelrs,
332 2318 376 2369 the
387 2328 462 2370 outer
471 2329 529 2389 part
540 2315 661 2368 olwhich
670 2317 690 2367 is
701 2315 788 2384 nearly
794 2312 855 2383 dry,
865 2310 917 2365 and
928 2313 991 2363 rises

202 2396 254 2449 lilre
280 2416 295 2449 a
317 2398 374 2450 wall
395 2396 462 2449 from
486 2414 520 2448 an
542 2396 635 2448 almost
666 2392 861 2447 unsathomable
890 2390 989 2461 depth;

202 2478 302 2545 against
311 2478 362 2529 this
372 2477 474 2541 thesea,
486 2476 599 2544 meeting
607 2474 690 2525 witha
699 2474 838 2525 resistance
845 2488 875 2522 so
883 2470 988 2538 abrupt,

203 2554 295 2609 breaks
315 2556 378 2609 with
400 2556 532 2620 violence,
555 2554 607 2607 and
627 2553 790 2625 producere
811 2548 991 2603 considerable

202 2635 268 2697 suri,
280 2636 366 2688 which
375 2633 464 2687 would
476 2632 571 2686 render
582 2632 690 2700 landiug
703 2650 738 2683 on
752 2629 797 2683 tlre
810 2628 992 2681 intermediate

204 2724 276 2765 coast
287 2714 404 2766 between
418 2713 463 2765 the
476 2714 577 2765 sherms
589 2711 683 2763 almost
703 2708 888 2779 impratirable.
908 2732 918 2752 ι
933 2712 945 2774 ΙΙ
956 2738 991 2747 -

208 2808 248 2843 ιο,
262 2793 412 2853 κόλπος..
431 2792 532 2857 νήσων
553 2790 726 2859 σποράδων]
737 2788 991 2840 Hicesttractusin·

205 2881 245 2921 ter
256 2871 407 2923 vicesimum
419 2870 543 2942 quintum
557 2879 583 2921 et
595 2870 747 2921 vicesimum
761 2877 864 2919 sextum
876 2865 992 2918 latitudi-

206 2951 246 3002 nis
253 2950 373 3018 gradum,
383 2968 477 3018 magna
485 2949 628 3002 insularum
637 2946 857 3018 scopulorumque
863 2945 991 3014 farragine

205 3029 359 3093 (intinctus,
376 3040 405 3082 ιιι
421 3030 489 3082 hene
506 3037 596 3081 monet
609 3028 724 3080 Ritterus
738 3027 812 3088 XIII,
827 3043 855 3095 p.
870 3030 931 3078 aab.
948 3029 991 3077 tn·

206 3108 320 3161 eluditur
328 3111 400 3162 sinus
409 3128 425 3162 a
433 3109 512 3161 borea
519 3107 702 3179 promontorio
712 3108 722 3173 (
733 3109 801 3172 Itos)
811 3104 988 3165 Ghorlrnnnlr,

205 3208 220 3240 a
241 3188 349 3242 meridie
367 3201 454 3242 antem
470 3189 654 3260 promontorio
670 3185 744 3257 (liris
764 3184 802 3236 vel
816 3184 876 3236 Aru
889 3183 897 3254 )
912 3183 989 3236 trud.

206 3269 320 3320 Maxima
333 3268 487 3332 insularum,
503 3268 633 3336 eregione
648 3265 701 3317 lere
713 3263 888 3334 promontorii
905 3263 991 3314 (ἶλαι-

205 3347 300 3398 tumul
323 3348 388 3411 sita',
410 3346 490 3400 hodie
513 3356 622 3399 vocatur
648 3347 790 3396 Ona-lionis
809 3345 819 3408 (
835 3341 992 3394 Unrnromnlr

205 3425 276 3496 apud
285 3426 464 3496 Moresbyum,
475 3425 525 3477 sub
533 3427 580 3478 25⁰
593 3423 636 3486 λό’
646 3423 688 3476 Ιαι.
698 3425 718 3492 );
730 3422 883 3476 Ptolemaeus
894 3439 956 3472 vero
966 3422 992 3472 in

205 3505 296 3558 eadem
311 3505 449 3559 latitudine
469 3505 538 3572 (25⁰
558 3503 600 3566 λό’
611 3504 620 3574 l
633 3502 742 3556 collocat
753 3502 903 3570 Timagenis
922 3501 994 3552 insu·

206 3585 268 3648 lam,
284 3595 355 3636 uteo
370 3587 477 3636 nomine
493 3587 634 3636 Ora-Ruina
645 3583 742 3651 signari
765 3582 817 3632 veri
840 3581 874 3632 sit
893 3580 994 3631 similli-

209 3679 293 3714 mnm.
317 3661 359 3716 Ad
382 3661 581 3714 meridionalem
604 3662 677 3713 sinus
695 3661 886 3713 extremitatem
906 3658 995 3729 paullo

208 3757 287 3810 supra
306 3743 359 3794 flas
378 3739 447 3794 Mod
461 3741 509 3793 sita
524 3751 563 3792 cst
582 3739 701 3792 Hnssoni
720 3739 817 3803 insula,
832 3749 923 3790 monte
944 3743 996 3800 loo

208 3819 288 3890 pedes
309 3819 361 3872 alto
386 3821 527 3890 conspicua
548 3819 616 3890 (σις’
637 3819 678 3871 55’
700 3817 805 3889 tuit.);
825 3819 866 3870 eni
888 3834 996 3887 respon-

208 3900 254 3951 det
275 3899 382 3969 Ζόγαινα
402 3903 475 3965 νῆσος
490 3899 500 3966 (
510 3902 557 3960 24⁰
578 3897 657 3966 20¹),
673 3916 752 3967 quam
768 3898 872 3949 unicam
895 3897 921 3948 in
945 3895 996 3948 boc

209 3989 293 4032 tractu
303 3980 378 4050 ponit
396 3978 564 4041 Ptolemaeus,
582 3979 689 4029 nomine
706 3987 792 4029 autern
808 3977 857 4028 isto
869 3977 996 4044 signarint

210 4060 349 4129 piscatores
366 4075 497 4128 azygreoa
509 4059 579 4127 pisce
597 4058 624 4108 irr
645 4057 705 4108 sinu
725 4054 838 4109 Arabico
854 4055 994 4125 frequenti,

168 4203 169 4208 χ
208 4149 234 4190 ct
243 4139 312 4191 circa
320 4137 388 4190 hanc
397 4136 518 4201 insulam,
528 4147 557 4188 ut
565 4135 677 4198 ridetur,
690 4134 908 4204 frequentissimo.
920 4135 997 4186 Certe

209 4236 280 4270 mare
294 4219 362 4270 circa
383 4217 493 4270 insulam
509 4217 627 4286 apprime
640 4216 772 4285 piscosum
785 4231 856 4277 esse,
874 4213 997 4265 insulam·

209 4315 261 4367 qne
283 4299 441 4369 piscatorum
466 4297 552 4347 vicum
575 4294 671 4346 habere
693 4302 802 4345 testatur
823 4290 997 4346 Wellstedius

209 4379 245 4440 ll,
258 4394 285 4447 p.
304 4381 362 4445 196.
380 4373 478 4428 Eadem
498 4373 617 4426 Hossnni
632 4371 714 4424 insula
728 4381 836 4424 vooatur
848 4369 957 4423 Arsiam
970 4372 996 4422 in

210 4457 307 4524 Geogr.
336 4457 486 4508 Rauennate
505 4453 605 4519 (nimis
626 4451 670 4503 illo
691 4469 705 4503 a
725 4449 914 4502 recentioribus
934 4467 996 4518 geo·

210 4536 315 4605 graphis
334 4533 491 4604 neglecto),
508 4532 535 4584 in
554 4549 608 4601 quo
622 4530 766 4582 insularum
788 4531 867 4582 series
883 4547 899 4582 a
917 4530 997 4599 borea

211 4614 348 4667 meridiem
369 4631 458 4666 versus
475 4613 530 4666 hac
542 4621 582 4664 est
598 4627 604 4663 ·.
624 4610 683 4662 Seio
698 4609 748 4678 (h.
769 4609 889 4678 sitiat),
911 4613 998 4662 cenea

212 4697 223 4760 (
235 4695 283 4744 ins.
301 4711 383 4764 prope
397 4696 451 4745 llas
465 4688 678 4745 Ata-trusseth
696 4690 764 4758 (27⁰
777 4687 821 4760 8')
836 4707 879 4759 ap.
895 4691 997 4742 Mores·

212 4771 276 4842 byt)
289 4771 396 4833 inrulin,
410 4775 491 4823 Ocene
501 4770 540 4838 (h.
556 4767 681 4836 eradit),
694 4773 798 4839 Scopas,
810 4766 928 4819 Assimn.
939 4769 950 4836 ll,
962 4799 998 4809 —

215 4849 257 4904 15.
274 4849 518 4917 Χερρόνησος...
542 4847 594 4900 καὶ
612 4845 710 4917 λιμὴν
731 4844 901 4906 κάλλιστος
925 4847 997 4917 Χαρ-

212 4928 347 5002 pauide]
356 4929 447 4980 Sinum
456 4927 599 4982 insularum
608 4945 622 4979 a
631 4925 741 4979 rrreridie
749 4924 847 4977 claudit
856 4928 910 4976 Itos
920 4925 996 4989 llud,

211 5013 247 5064 ita
261 5007 325 5063 illud
344 5006 510 5060 ettomrarum
528 5018 556 5061 ut
576 5007 747 5060 chersonesus
762 5003 932 5058 accommode
945 5005 997 5057 diei

204 5081 308 5161 ¹possin
329 5105 426 5140 nomen
444 5105 505 5139 rero
517 5087 594 5156 hujus
607 5085 782 5156 promontorii
799 5085 825 5136 in
847 5093 938 5155 portus
951 5103 999 5135 ιιι)-

214 5169 284 5222 mine
303 5166 446 5239 Χαρμουόὰς
469 5163 671 5235 (sirone-ulmi)
696 5164 770 5216 facile
795 5163 923 5233 agnoscis.
947 5165 998 5214 Er-

215 5249 316 5318 cipiunt
344 5245 493 5300 clrcrsontsi
521 5244 710 5296 extremitatem
733 5253 824 5314 portus
849 5254 900 5295 tres
925 5243 996 5297 honri

865 1853 1049 1861 ffl.-——-—
1058 1851 1154 1857 -.-.--

815 350 866 409 Ex
888 348 1196 409 turttnractttns

1028 481 1185 549 impingens,
1200 496 1271 531 nnnc
1283 477 1419 543 resultans,
1438 480 1524 548 magni
1538 484 1619 531 instar
1639 476 1771 529 lremitrrs
1785 496 1822 528 so·

1028 598 1093 633 num
1113 580 1219 635 emittit.
1257 579 1396 632 Undarum
1417 590 1504 632 autem
1524 597 1584 650 pars
1603 578 1760 648 grandibus
1780 580 1824 631 illi=

1028 684 1142 755 scopulis
1156 683 1227 735 allisa
1241 683 1268 733 in
1282 682 1363 735 altum
1375 700 1402 733 se
1414 683 1510 753 crispat
1522 692 1549 734 et
1559 681 1716 734 mirandam
1727 701 1825 753 spumae

1029 804 1082 839 vim
1096 786 1195 854 gignit3
1212 802 1273 856 pars
1287 786 1355 837 intra
1370 786 1480 836 vortices
1491 783 1614 854 absorpta
1629 786 1792 853 voraginem
1803 798 1823 835 et

1028 886 1203 941 divulsionem
1216 904 1344 959 aquarum
1358 887 1501 939 terribilem
1515 886 1612 951 efficit,
1630 886 1705 938 adeo
1720 898 1753 937 ιιι
1765 905 1825 956 prae·

1029 1001 1070 1043 ter
1090 990 1249 1043 voluntatem
1270 990 1311 1041 his
1331 990 1394 1041 locis
1415 988 1517 1060 appubi
1543 998 1616 1041 metu
1638 999 1752 1041 tantum
1775 1007 1825 1040 rmn

1029 1096 1103 1165 prins
1118 1095 1313 1147 exanimentur.
1351 1095 1432 1144 Oram
1446 1092 1516 1144 bane
1528 1101 1619 1144 tenent
1638 1092 1748 1145 Arabes
1759 1094 1826 1143 Tha

1030 1197 1148 1249 mudeoi.
1185 1196 1316 1263 Contigua
1330 1204 1415 1246 vastus
1426 1192 1534 1263 qnidam
1544 1194 1617 1245 sinus
1628 1194 1717 1259 alluit,
1734 1196 1826 1246 nnrltas

1030 1301 1138 1370 sparsim
1154 1298 1250 1350 insulas
1261 1296 1423 1366 complexus,
1436 1292 1615 1345 Echinadibus
1627 1292 1762 1364 adspectu
1776 1313 1825 1345 nnn

1030 1400 1168 1454 absimiles.
1207 1403 1288 1452 Oram
1300 1398 1378 1462 hanc,
1394 1413 1476 1466 quam
1491 1395 1568 1463 longa
1579 1406 1618 1447 est
1630 1405 1657 1447 et
1667 1415 1754 1466 quam
1768 1397 1823 1461 lata,

1030 1504 1074 1556 alti
1088 1520 1173 1555 arenae
1189 1503 1265 1569 nigro
1285 1498 1374 1551 colore
1391 1496 1491 1549 cumuli
1504 1497 1650 1566 excipiunt.
1692 1496 1765 1548 Inde
1782 1516 1824 1567 pe-

1030 1606 1133 1659 ninsula
1144 1603 1227 1657 sedat
1240 1605 1267 1655 in
1277 1611 1447 1671 conspectum
1458 1610 1565 1669 portura
1577 1598 1679 1651 habens
1691 1602 1822 1659 omniurn,

1030 1722 1097 1775 agnos
1117 1702 1235 1755 historici
1256 1699 1424 1762 describunt,
1453 1696 1674 1764 elegantissimum
1685 1737 1693 1761 ,
1719 1699 1825 1749 nornine

1323 1841 1484 1853 —-.—.-

1032 1913 1109 1981 longe
1120 1914 1188 1963 inter
1203 1930 1231 1961 se
1246 1909 1340 1971 dissiti,
1353 1906 1450 1958 Abtau
1465 1906 1525 1976 (sic
1545 1906 1688 1977 Moresby3
1703 1908 1822 1960 ὃόαόόσα

1033 1993 1166 2061 Bcrghaus
1176 1995 1197 2059 ),
1211 1990 1317 2049 statar,
1330 1990 1441 2053 Hussey.
1458 1988 1489 2037 ln
1503 1986 1603 2038 Mtrlrnr
1614 1997 1726 2057 portum
1740 2005 1818 2055 quum

1033 2082 1108 2131 exeat
1121 2088 1215 2137 magna
1233 2068 1303 2119 vallis
1320 2083 1378 2136 quae
1396 2067 1431 2116 ita
1452 2075 1490 2116 cst
1511 2076 1678 2134 comparata,
1695 2077 1725 2116 ιιι
1739 2067 1821 2135 primo

1033 2148 1158 2219 adspectu
1177 2143 1350 2199 Wellstedius
1368 2144 1455 2213 magni
1477 2146 1600 2195 torrentis
1613 2144 1721 2196 alveum
1741 2144 1820 2194 desie-

1033 2239 1122 2281 catum
1145 2243 1252 2279 eernere
1272 2233 1376 2295 putaret
1401 2240 1408 2273 ι
1430 2223 1483 2274 huc
1499 2223 1598 2274 referre
1619 2224 1681 2276 licet
1701 2222 1774 2293 qnod
1791 2222 1821 2271 de

1034 2326 1130 2375 magno
1149 2306 1230 2357 lluvio
1252 2306 1280 2355 in
1300 2301 1490 2356 Charmutham
1509 2302 1640 2355 incidente
1656 2314 1750 2357 narrat
1764 2304 1819 2353 Dio·

1034 2386 1116 2438 dorus
1122 2406 1130 2450 ;
1146 2383 1300 2451 namllurii
1320 2400 1448 2453 perennes
1470 2383 1496 2435 in
1514 2393 1568 2434 tota
1581 2383 1630 2435 hac
1643 2402 1694 2437 ora
1716 2384 1819 2435 onmino

1035 2465 1098 2516 nulli
1117 2462 1297 2532 egrediuntur.
1326 2465 1361 2513 λι
1382 2460 1482 2531 reliqua
1504 2470 1597 2531 portus
1619 2460 1702 2531 hujus
1726 2458 1819 2512 indoles

1035 2562 1095 2596 eum
1108 2542 1219 2595 Diodori
1231 2541 1407 2610 descriptione
1416 2558 1509 2610 parurn
1523 2538 1648 2609 quadrat5
1663 2559 1727 2593 nam
1741 2558 1819 2606 neqni-

1035 2621 1118 2692 χηλὴν
1133 2634 1290 2693 praetensam
1308 2638 1393 2690 neque
1415 2621 1490 2672 sitam
1504 2621 1531 2670 in
1550 2618 1639 2670 medio
1652 2620 1765 2671 insulam
1778 2617 1819 2668 ha·

1035 2702 1093 2765 bet;
1114 2704 1237 2754 introitus
1257 2702 1280 2752 ei
1303 2717 1385 2769 capax
1405 2710 1461 2763 est,
1478 2716 1652 2767 magnamque
1668 2696 1816 2765 enavigarnli

1036 2780 1198 2843 facilitatem,
1213 2780 1240 2831 in
1254 2780 1347 2831 oeteris
1358 2796 1411 2831 orae
1425 2778 1555 2848 portubus
1573 2779 1746 2841 rarissimam,
1759 2794 1817 2846 pre·

1035 2858 1079 2913 bet
1095 2858 1257 2931 (Wellsted.
1271 2860 1307 2920 ΙΙ,
1322 2877 1349 2929 p.
1367 2858 1417 2910 203
1427 2859 1449 2928 ),
1462 2867 1489 2910 at
1503 2858 1612 2910 minime
1625 2860 1757 2928 spatiosus
1767 2865 1814 2912 et:

1034 2951 1126 2993 contra
1135 2950 1161 2992 et
1172 2937 1255 3009 χηλὴν
1269 2939 1347 2991 habet
1359 2947 1386 2990 et
1397 2938 1526 3008 spatiosus
1542 2948 1580 2989 est
1591 2956 1706 3007 sequens
1726 2941 1817 3002 Hiran

1034 3029 1139 3088 portus;
1149 3018 1195 3070 sed
1205 3036 1237 3070 ne
1246 3018 1290 3071 hic
1298 3016 1406 3086 quidem
1414 3016 1525 3068 insulam
1534 3014 1627 3079 habet;
1638 3017 1679 3067 sin
1690 3017 1718 3068 hi
1723 3035 1754 3068 nc
1764 3017 1817 3065 sati-

1034 3097 1112 3166 longe
1125 3097 1263 3150 meridiem
1283 3113 1371 3149 sersus
1382 3113 1474 3166 pergas
1490 3093 1524 3148 ad
1536 3097 1688 3165 proximum
1705 3106 1815 3166 ponam,

1035 3178 1122 3228 Slrerm
1138 3177 1231 3237 londo,
1254 3185 1280 3228 et
1303 3174 1415 3226 insulam
1438 3174 1466 3226 in
1489 3172 1579 3225 medio
1597 3175 1675 3226 sitam
1696 3171 1814 3229 offendis,

1035 3265 1188 3326 tantamque
1204 3256 1285 3325 ipsius
1305 3265 1398 3324 portus
1420 3253 1599 3322 capacitatem,
1623 3271 1683 3323 quae
1704 3253 1815 3305 marina

1035 3334 1160 3386 classibus
1180 3333 1300 3385 sulliciat.
1320 3331 1392 3400 Quid
1414 3331 1509 3401 igitur?
1528 3335 1569 3385 Λιι
1586 3342 1640 3384 tota
1659 3333 1771 3384 Diodori
1789 3329 1817 3379 de

1036 3415 1194 3466 chersoneso
1216 3423 1242 3464 et
1265 3411 1428 3464 Charmutha
1458 3413 1575 3462 narratio
1609 3409 1642 3462 ad
1668 3410 1728 3463 lora
1757 3412 1815 3460 rina

1038 3493 1122 3545 Ionbo
1131 3495 1180 3544 sita
1191 3489 1373 3543 transferenda
1386 3499 1440 3552 est,
1457 3489 1492 3540 ita
1503 3499 1533 3540 ιιι
1547 3489 1705 3541 Chersonesi
1718 3489 1816 3542 nonrinr·

1037 3570 1156 3638 signetur
1171 3575 1225 3641 Cap
1238 3567 1349 3620 Βιτίάὶ.ρ
1365 3567 1493 3629 Minime,
1508 3567 1611 3635 opinor.
1625 3567 1693 3618 Nam
1708 3569 1815 3637 primurn

1038 3667 1135 3702 nomen
1148 3647 1292 3719 λἀρμουόᾶς
1309 3645 1343 3698 ad
1355 3643 1420 3697 hod.
1434 3643 1503 3697 trud
1512 3644 1625 3697 refertur
1638 3644 1769 3707 tacittime,
1781 3661 1814 3693 sec

1039 3729 1142 3798 riesque
1163 3726 1320 3780 narrationis
1336 3722 1475 3778 Diodoreae
1496 3722 1570 3775 ducit
1593 3723 1705 3786 eodem
1732 3720 1816 3775 deinde

1038 3805 1197 3859 hodiernum
1206 3805 1349 3858 Ionhohoc
1360 3804 1426 3872 ipso,
1436 3821 1490 3859 non
1502 3802 1553 3855 alio
1561 3805 1668 3854 nomine
1676 3812 1816 3855 recensetur

1039 3905 1055 3938 a
1064 3879 1218 3948 Ptolemae0;
1232 3896 1289 3936 tum
1301 3882 1364 3934 vero
1377 3883 1422 3952 qui
1434 3893 1581 3960 sequnntur
1593 3881 1664 3953 apud
1677 3884 1814 3935 Diodorum

1038 3976 1099 4036 post
1111 3965 1300 4018 Charmutham
1319 3963 1450 4016 montium
1465 3963 1574 4014 vertices
1592 3962 1773 4032 pyramidibus
1785 3961 1814 4010 si·

1038 4045 1112 4097 miles
1126 4055 1215 4116 aperte
1235 4044 1368 4115 pertinent
1383 4040 1417 4093 ad
1440 4042 1532 4112 Djebcl
1551 4043 1636 4106 Nobt,
1651 4043 1698 4111 qui
1722 4040 1813 4094 medius

1039 4125 1104 4177 situs
1118 4135 1155 4176 cst
1169 4125 1237 4175 inter
1253 4119 1392 4175 Abu-mod
1403 4130 1430 4174 et
1447 4120 1548 4183 Ienbo,
1566 4119 1632 4173 adeo
1644 4131 1674 4172 nt
1684 4118 1817 4191 Χαρμουιιᾶς

1038 4220 1054 4254 a
1067 4202 1148 4256 borea
1160 4200 1237 4272 hujus
1249 4201 1360 4264 montis,
1372 4217 1426 4251 non
1437 4217 1499 4251 vero
1510 4218 1526 4251 a
1535 4197 1815 4253 meridieoollocanrho

1039 4283 1082 4333 sit.
1098 4286 1164 4351 Qua·
1179 4299 1261 4351 quum
1278 4282 1314 4332 ita
1332 4279 1455 4343 habeant,
1468 4279 1689 4348 Agatharchidem
1707 4292 1772 4351 puto
1784 4276 1816 4328 di·

1040 4379 1114 4414 rersa
1133 4361 1283 4423 miscuisse,
1304 4369 1330 4411 et
1351 4377 1409 4428 quae
1425 4357 1459 4410 de
1480 4359 1563 4410 lanbo
1576 4369 1655 4429 portu
1675 4367 1814 4430 acceperat,

1039 4457 1176 4510 perperam
1188 4437 1221 4490 ad
1231 4448 1338 4508 portum
1350 4437 1397 4508 qui
1406 4447 1444 4488 est
1455 4455 1538 4507 prope
1550 4437 1620 4490 trud
1628 4438 1814 4491 chersonesum.

1041 4518 1211 4570 transtulisse.
1226 4519 1349 4588 Superest
1363 4526 1392 4569 ut
1411 4515 1562 4568 conseratur
1586 4517 1757 4580 Ptolemaeus,
1778 4513 1814 4583 qui

1039 4600 1192 4669 χερσόνησον
1220 4600 1247 4650 in
1268 4614 1351 4667 eaque
1376 4594 1510 4648 Ῥαυνάόου
1535 4599 1622 4666 κώμην
1647 4595 1757 4649 collocat
1776 4592 1816 4645 suh

1041 4682 1211 4746 25⁰t10'lat.,
1227 4682 1293 4734 adeo
1305 4692 1334 4734 ut
1354 4681 1410 4733 haec
1421 4679 1558 4733 reserenda
1572 4682 1625 4733 sint
1641 4679 1675 4734 ad
1695 4681 1815 4748 regionem

1040 4764 1110 4816 eirca
1125 4765 1174 4815 llas
1189 4760 1366 4822 etot-amatr,
1380 4759 1453 4831 qnod
1468 4759 1576 4813 eborea
1585 4761 1672 4813 sinum
1684 4760 1816 4814 insulamn

1042 4845 1174 4906 terminat,
1192 4841 1257 4893 dum
1284 4839 1483 4909 Agatharchidis
1501 4838 1673 4892 chersonesus
1689 4857 1706 4891 a
1721 4835 1817 4890 meridie

1041 4925 1114 4977 sinus
1127 4924 1170 4974 sit.
1186 4920 1238 4975 Sed
1249 4919 1417 4972 vehementer
1432 4935 1524 4971 vereor
1536 4937 1570 4971 ue
1579 4919 1756 4971 extremitates
1768 4918 1817 4968 istas

1042 5004 1114 5054 sinus
1141 5001 1295 5055 Ptolemaeus
1319 4997 1485 5063 conluderit;
1510 5009 1581 5050 certe
1603 5015 1702 5050 nomen
1726 4998 1816 5050 chose

1042 5085 1096 5134 nesi
1112 5083 1138 5133 in
1148 5082 1280 5149 regionem
1292 5078 1423 5131 Ptolemaei
1436 5079 1552 5130 nurneris
1565 5077 1707 5129 indicatam
1720 5077 1818 5128 onroiut

1041 5180 1094 5214 non
1105 5160 1184 5212 radit.
1197 5163 1323 5212 Praeterea
1333 5159 1440 5210 nomina
1452 5155 1597 5226 λαρμουθόις
1608 5167 1634 5208 et
1647 5153 1778 5208 Ἰἀυνάθου
1790 5148 1816 5201 stl

1042 5241 1154 5294 eundern
1170 5240 1255 5292 locunt
1268 5237 1404 5291 reserenda
1416 5255 1470 5291 csse
1486 5239 1595 5291 intanta
1609 5237 1748 5288 nominum
1764 5239 1812 5287 λιιι·
