3775 5750
200 350 241 393 xa
854 325 1154 387 Puotaaottuut.

199 453 345 531 Hyrcania
358 464 386 511 et
401 470 491 529 supra
508 450 692 527 Parthyenen
707 452 867 509 Astauenos
885 450 981 509 collo-
1028 468 1105 505 seam
1136 446 1295 521 hlargianae
1327 457 1475 515 aooenset3
1498 444 1671 502 Ptolemaeus
1700 444 1806 503 nisaeos

198 552 259 608 cari
286 550 412 621 videret,
445 550 551 607 alteros
582 540 740 605 Astauenos
772 546 979 622 distingueret,
1029 541 1116 600 habet
1129 542 1160 599 in
1174 542 1308 611 Arimara
1322 539 1505 615 antiquiore,
1518 539 1634 615 opinor,
1651 541 1805 617 scriptore;

199 644 325 722 ideoque
335 644 408 703 mari
420 642 526 720 Caspio
542 642 693 720 proximos
708 640 824 700 laceret.
842 642 981 710 -Quod
1029 640 1165 697 similiter
1183 637 1284 697 Σουοία
1302 636 1468 716 (hodierna
1483 640 1539 692 Tar
1557 655 1617 693 non
1640 636 1681 693 ita
1694 637 1809 712 longea

198 740 300 799 attinet
311 736 411 798 Ἀοαίικ
424 736 545 811 urbem,
568 738 594 795 ἐν
608 728 626 815 ᾗ
638 734 767 814 Ἀρσάκης
782 738 884 814 πρῶτος
900 739 980 815 βασι·
1028 738 1175 810 Nisapoar
1186 732 1306 791 boream
1325 744 1354 789 et
1372 732 1516 789 orientem
1532 750 1634 789 versus
1647 731 1704 789 sita
1715 729 1725 809 )
1737 732 1809 789 scri-

200 832 260 900 λαὺς
272 831 430 913 ἀπεδείχθη,
444 834 530 892 situm
545 830 611 909 ejus
631 831 793 904 nescimus,
807 844 894 911 caput
910 851 981 891 vero
1028 848 1127 911 ptores
1140 850 1238 889 rerum
1248 828 1422 900 Alexandri,
1437 848 1511 905 quos
1524 827 1669 887 Arrianus
1678 826 1687 907 l
1696 826 1751 898 ΙΙΙ,
1762 828 1808 906 25)

200 929 289 988 fuisse
307 927 435 1005 putanda
455 939 498 987 est
516 928 616 1002 exigui
634 927 770 1003 imperii,
784 926 862 1003 quod
880 927 911 985 in
928 930 982 985 As-
1029 930 1173 1007 sequitur,
1188 927 1265 985 muti
1288 930 1336 997 τῆς
1360 924 1461 1004 Ἀρείας
1479 927 1591 984 dicunt.
1611 924 1691 982 ldem
1717 937 1809 981 tamen

199 1040 302 1086 tauene
310 1029 386 1085 inter
394 1026 515 1104 Scythas
526 1024 818 1097 obtinebathrsaces,
828 1038 981 1102 antequam
1031 1025 1202 1083 Ptolomeus
1216 1042 1306 1099 quum
1323 1021 1450 1079 Parthia.
1463 1021 1567 1079 urbem
1579 1020 1808 1079 maximeorien·

199 1123 231 1180 in
246 1122 424 1199 Parthyaeam
445 1121 614 1193 invaderet,
630 1133 662 1178 ut
681 1119 757 1178 bene
771 1132 868 1177 monet
884 1121 982 1179 lasse·
1030 1120 1114 1177 talem
1128 1115 1264 1179 Μυσίαν
1286 1114 1408 1188 habeat,
1425 1120 1461 1173 ei
1476 1134 1535 1173 non
1560 1116 1644 1174 aliam
1659 1134 1747 1191 quam
1768 1116 1810 1172 tti-

199 1218 266 1277 nius
276 1217 306 1277 in
316 1220 403 1276 Ersch
416 1240 443 1279 a.
456 1220 572 1276 Graher.
583 1238 614 1278 υ.
628 1218 773 1285 Parthian,
790 1214 982 1273 collatoStra·
1030 1232 1115 1271 saeam
1138 1210 1263 1271 indicari
1273 1229 1351 1267 nunc
1363 1222 1449 1287 puto;
1460 1209 1573 1267 scilicet
1582 1210 1626 1267 uti
1650 1209 1810 1267 Astauenos

197 1312 275 1373 bone
293 1334 322 1392 p.
347 1314 405 1372 515
423 1335 429 1371 :
451 1312 597 1392 Ἀρσάκης,
612 1308 678 1389 ἁνὴρ
694 1308 813 1383 Σκύθης,
838 1312 890 1367 τῶν
903 1312 983 1369 Δαῶν
1029 1322 1058 1367 et
1072 1310 1103 1367 in
1118 1310 1227 1367 hriaet
1239 1308 1271 1365 in
1281 1306 1538 1384 llyrcaniaponit,
1548 1306 1682 1364 itaetiam
1689 1306 1809 1363 Nisaeam

197 1430 269 1474 τινας
281 1406 348 1487 Ιχυνν
364 1406 424 1474 τοὺς
439 1406 558 1487 ΙΙάρνους
573 1403 746 1479 καλουμένους
759 1402 891 1480 νομάδας,
907 1426 983 1484 παρ-
1030 1406 1143 1463 variata
1158 1402 1320 1482 paullulum
1335 1402 1465 1461 nominis
1481 1402 1574 1459 torma
1595 1402 1629 1458 in
1650 1402 1722 1459 Aria
1739 1414 1767 1459 et
1781 1403 1809 1459 in

198 1509 331 1571 οικοῦντας
347 1503 391 1563 αὀν
403 1494 506 1583 Ὦχον,
518 1502 629 1575 ἐπῆλθον
643 1499 687 1561 ἐπὶ
707 1499 754 1573 τὴν
768 1498 922 1579 Παρθυαίαν
937 1500 984 1561 καί
1028 1501 1155 1559 Parthiae
1168 1513 1251 1578 parte
1261 1498 1397 1557 orientali
1414 1498 1547 1556 collocat.

199 1602 344 1681 ἐκράτησεν
365 1602 456 1673 αὐτῆς.
1068 1600 1135 1657 152.
1157 1598 1229 1656 Post
1244 1595 1496 1657 Parthaunisamti
1520 1593 1708 1654 schoenorutn
1723 1595 1808 1652 inter·

244 1700 309 1759 151.
329 1697 401 1757 Post
412 1697 564 1755 Astauene
574 1698 740 1755 mentionen
752 1694 848 1773 pergit
858 1708 983 1755 auctor:
1025 1696 1102 1754 vallo
1113 1696 1247 1772 sequitur
1264 1696 1378 1751 Gathar
1395 1692 1484 1764 urbs,
1502 1705 1570 1770 post
1587 1692 1663 1751 alios
1680 1692 1809 1769 quinque

201 1793 338 1853 Ἐντεῦθεν
358 1790 550 1875 Παρθυηνή·
565 1792 665 1869 σχοῖνοι
680 1790 728 1848 κε’·
745 1781 777 1861 ἧς
802 1788 889 1847 αὐλὼν
908 1792 985 1869 [lap-
1024 1794 1105 1849 Simc
1115 1790 1201 1864 urbs;
1212 1790 1320 1849 deinde
1334 1802 1512 1848 memoratur
1524 1791 1634 1865 Saphri
1648 1790 1750 1858 vicus,
1762 1788 1808 1862 qui

201 1888 353 1960 inlusa-h
368 1886 502 1955 πόλιςθπὸ
516 1885 659 1967 οχοίνωνς’
674 1885 984 1965 (siointerpungasl...
1026 1888 1147 1947 ultimus
1170 1887 1350 1965 Parthyenes
1369 1887 1452 1945 locas
1476 1885 1566 1945 luisse
1593 1885 1714 1943 videtur
1730 1898 1760 1941 et
1781 1884 1810 1940 in

203 1984 334 2056 'attam
348 1983 375 2043 il
390 1982 504 2044 Νίσαιαν
516 1980 631 2059 λέγουσι.
643 1981 787 2039 Nimirum
798 1999 834 2039 es
846 1980 987 2057 angustiis
1026 1984 1137 2043 ultimis
1144 1983 1274 2060 regionis
1281 1983 1407 2043 schoenis
1421 1970 1488 2040 octo
1500 1982 1688 2041 collocandus
1702 1994 1756 2040 est.
1770 1980 1810 2036 De

199 2084 275 2139 inter
288 2084 391 2155 Djegir
410 2091 440 2137 et
457 2079 606 2155 Daghatai
627 2089 739 2135 montes
753 2076 835 2151 sitis,
854 2076 986 2155 inquam
1026 2081 1074 2140 his
1081 2083 1122 2140 ita
1132 2079 1372 2141 sainte-croirl.
1387 2081 1407 2139 l.
1424 2099 1455 2158 p.
1467 2080 1507 2155 98
1522 2100 1530 2135 ι
1545 2105 1558 2131 a
1569 2078 1605 2136 le
1612 2080 1689 2135 crois
1701 2090 1810 2135 retrou-
1838 2148 1841 2153 1

200 2179 334 2237 desinere
343 2178 503 2235 Astauencs
517 2172 700 2231 itinerarium
712 2172 944 2244 dixi,intramns
955 2174 986 2230 in
1029 2198 1082 2237 ver
1103 2180 1132 2235 la
1152 2178 1299 2257 premiere
1321 2176 1358 2234 de
1379 2194 1428 2235 ces
1448 2177 1533 2233 vill'es
1552 2175 1624 2233 dans
1650 2174 1808 2242 Carendar,

201 2274 307 2330 vallem
318 2272 434 2347 longam
444 2269 606 2345 latamque,
616 2268 682 2325 altis
695 2268 818 2325 cinctam
827 2267 987 2345 montibus,
1029 2275 1112 2351 place
1120 2275 1283 2343 tris-sorte,
1294 2290 1352 2349 que
1362 2272 1404 2329 les
1415 2271 1561 2347 ginhraux
1575 2270 1612 2327 de
1622 2269 1810 2345 Genghizkan

202 2367 233 2426 in
248 2386 306 2445 qua
319 2378 386 2443 post
399 2384 450 2425 sex
464 2364 524 2423 lere
547 2363 682 2421 schoenos
698 2364 827 2421 occurrit
844 2375 931 2440 caput
945 2382 989 2421 re·
1029 2368 1149 2426 uinrent
1162 2367 1290 2443 assieger
1299 2367 1421 2425 aussitdt
1435 2366 1520 2444 apris
1530 2365 1614 2423 avoir
1624 2366 1690 2442 pris
1703 2378 1732 2422 et
1746 2363 1807 2442 pilli

202 2465 317 2541 gionis,
339 2466 485 2537 Nisapour
499 2478 550 2519 seu
564 2461 732 2535 Nichapoar
747 2459 831 2519 urbs.
849 2459 988 2535 Regionis
1028 2464 1103 2523 Nesa
1124 2461 1221 2541 (Hist.
1242 2462 1278 2519 de
1292 2460 1450 2521 Glrenzislt.
1470 2482 1501 2538 p.
1519 2462 1575 2528 311,
1588 2462 1610 2536 ).
1624 2460 1654 2517 Si
1668 2459 1731 2516 l'on
1748 2480 1811 2533 sup·

202 2558 292 2635 hujus
307 2570 442 2617 naturam
455 2554 653 2615 beatissimam
669 2567 729 2613 tum
744 2554 901 2612 orientales
915 2554 989 2612 scri·
1029 2577 1101 2637 pose
1114 2556 1265 2635 queSiroa
1276 2555 1345 2614 etait
1359 2556 1559 2615 dl'extromite
1569 2555 1812 2633 delaParthyine

201 2668 300 2733 ptores
310 2668 371 2713 tum
389 2654 516 2712 viatores
528 2652 705 2710 recentiores
715 2651 837 2709 summis
851 2649 990 2709 laudibus
1031 2652 1044 2735 (
1056 2654 1135 2732 quod
1150 2671 1209 2711 non
1222 2654 1264 2711 ita
1277 2672 1340 2711 esse
1352 2671 1388 2710 ex
1403 2652 1511 2710 lsidori
1525 2650 1624 2709 verbis
1637 2664 1719 2729 patet
1728 2650 1749 2729 l,
1762 2671 1811 2709 son

202 2748 518 2828 evehuntl').lsidorus
529 2749 676 2823 regionem
688 2746 848 2824 urbemque
860 2746 990 2825 ΙΙαρθαά-
1030 2772 1099 2811 nom
1113 2766 1142 2809 et
1155 2770 1187 2809 sa
1209 2750 1340 2828 position
1358 2748 1528 2828 pourraient
1549 2768 1627 2807 assez
1642 2752 1811 2807 convenire

203 2867 279 2904 νιοαν
292 2858 385 2918 vocat,
400 2844 421 2906 i.
432 2862 473 2915 e,
489 2844 596 2922 opinor
617 2842 701 2903 iliani
715 2840 990 2920 llapiualoiv,utsci·
1030 2845 1166 2906 Serakhs.
1183 2872 1195 2898 ν
1214 2844 1322 2904 Fodem
1343 2844 1431 2904 modo
1444 2844 1545 2903 statuit
1562 2844 1697 2922 llennel(
1714 2849 1808 2920 Geogr.

203 2940 273 2998 licet
286 2939 482 3014 distingueret
499 2957 516 2996 a
531 2939 604 2997 locis
619 2937 854 3013 cognominibus.
871 2937 918 2995 Sic
932 2938 990 2996 alia
1030 2941 1068 3014 os
1083 2945 1212 3002 Herodot.
1236 2963 1265 3020 p.
1280 2939 1337 3018 ²95
1350 2941 1372 3017 l,
1394 2941 1568 3000 assentiente
1588 2944 1730 2998 Lassenio
1749 2941 1768 2996 l.
1790 2939 1808 2996 l.

203 3038 274 3092 Nisa
284 3048 328 3092 est
341 3037 396 3094 sub
411 3036 497 3091 Attal
508 3045 604 3092 monte
618 3032 746 3090 adalimh
758 3033 1002 3110 fluvium,qua1n·
1030 3057 1061 3114 p.
1083 3038 1152 3106 416.
1167 3038 1311 3096 Praeterea
1320 3037 1426 3111 Saphri
1439 3035 1536 3094 vicum
1554 3037 1587 3092 in
1609 3034 1753 3093 hodierno
1766 3039 1811 3090 la·

205 3129 341 3190 nonnulli
358 3127 395 3188 ab
407 3128 521 3188 lsidoro
535 3127 660 3187 indicari
674 3139 823 3206 putarunt.
833 3161 873 3172 -
886 3126 990 3187 Nostra
1022 3133 1086 3207 seri
1098 3133 1106 3211 l
1119 3132 1228 3190 llennel
1237 3129 1246 3211 )
1255 3130 1458 3204 siveDchoffri
1472 3130 1481 3210 l
1493 3130 1617 3205 lassen)
1630 3131 1694 3188 sive
1710 3131 1811 3188 rectius

202 3225 272 3284 Nisa
288 3226 319 3283 in
329 3225 506 3284 Zendavesta
517 3224 593 3282 inter
603 3222 700 3282 beatas
714 3225 849 3300 regiones
860 3242 990 3283 recense·
1030 3225 1261 3301 hohor-Zasrriai
1280 3224 1406 3304 (hitter,
1423 3223 1560 3304 Kiepert)
1584 3243 1743 3300 agnoscere
1756 3225 1810 3283 sibi

205 3324 499 3396 tui-nominellisaya,
510 3334 703 3399 posteamque
711 3324 836 3394 Hamyal,
845 3323 898 3380 i.c.
908 3323 988 3380 Aria.
1031 3324 1179 3382 videntur.
1190 3323 1262 3394 Quae
1268 3322 1369 3381 omnia
1377 3341 1481 3381 vereor
1490 3341 1527 3380 ne
1538 3322 1717 3394 sintinania,
1726 3343 1810 3401 quum

205 3419 249 3478 De
260 3419 359 3478 eadem
369 3418 474 3477 Strabo
487 3417 526 3475 Xl
544 3438 572 3495 p.
584 3418 641 3493 509
656 3439 663 3473 ε
677 3420 723 3487 τῆς
737 3416 765 3475 δὲ
779 3415 921 3496 Ὑρκανίας
932 3417 989 3475 ἐστὶ
1031 3419 1069 3478 ab
1084 3419 1190 3478 lsidori
1204 3421 1292 3479 viaet
1305 3418 1454 3478 distantiis
1465 3419 1650 3480 abhorreant.
1668 3418 1741 3477 llam
1755 3423 1810 3475 Ζα-

204 3511 413 3585 καίὴΝηοαία·
428 3511 494 3578 τινὲς
509 3509 858 3582 δίκαὶκαθάὑτὴντιθιάσι
872 3509 919 3582 τὴν
932 3514 990 3583 Νη·
1026 3517 1112 3591 sadai
1129 3537 1147 3574 a
1170 3521 1315 3593 Nisapoar
1333 3535 1468 3574 occasum
1489 3535 1591 3574 versus
1614 3515 1670 3574 sita
1686 3529 1741 3576 est,
1757 3520 1809 3573 ca.

205 3607 296 3667 σαίαν.
310 3607 415 3666 Paullo
427 3606 607 3666 accuratiora
630 3605 744 3664 Plinius
756 3605 806 3677 Vl,
827 3609 863 3664 ali
877 3608 894 3683 S
914 3607 989 3664 113:
1030 3615 1136 3668 madar
1149 3611 1197 3670 vel
1208 3600 1341 3669 Caeridar
1353 3610 1362 3688 l
1372 3611 1480 3669 hennei
1492 3609 1501 3689 ‘J
1512 3609 1564 3668 ubi
1577 3611 1663 3669 luerit
1674 3611 1707 3669 in
1718 3631 1810 3669 recen-

204 3703 250 3762 Ab
260 3723 360 3760 occasa
369 3722 462 3760 eoram
473 3703 482 3777 l
493 3701 664 3760 Parthorum
677 3701 686 3777 l
702 3704 782 3758 arbes
792 3723 861 3776 qaas
869 3707 990 3761 cliaimaa
1032 3705 1157 3764 tioribus
1171 3709 1285 3784 mappis
1298 3725 1359 3764 non
1372 3705 1505 3784 repperi,
1522 3706 1569 3764 sin
1581 3705 1677 3782 posita
1687 3721 1752 3764 erat
1762 3704 1809 3764 ubi

205 3797 273 3880 (ΙΙ,
291 3798 334 3874 7§
348 3805 386 3865 ΙΙ
398 3797 419 3873 ),
430 3803 530 3855 Issatis
538 3809 566 3853 et
582 3799 721 3872 Calliope,
737 3800 887 3855 ahorieme
896 3807 992 3856 astino
1032 3803 1131 3880 posuit
1153 3802 1185 3860 in
1207 3800 1370 3859 llerodotea
1388 3819 1441 3859 sua
1456 3800 1555 3859 tabula
1577 3800 1753 3873 hennelius,
1776 3798 1810 3856 ad

203 3899 342 3970 Eampum
363 3891 544 3975 (Pyropum,
569 3896 707 3966 Peroptan
721 3911 751 3949 ν.
773 3891 838 3949 lect.
849 3890 870 3971 J,
888 3897 925 3951 ab
942 3895 989 3951 hi·
1031 3895 1133 3954 urbem
1149 3898 1167 3953 6
1182 3896 1309 3955 schoenis
1323 3899 1498 3972 aNisaponr
1509 3895 1640 3954 dissitam
1657 3897 1760 3955 referri
1770 3914 1812 3954 ne·
1838 3929 1843 3938 ·

205 3993 289 4046 berno
299 3992 400 4046 Maria
420 3985 551 4068 (Μαριχή
573 3985 724 4044 Protemaei
743 3986 765 4044 l.
791 3986 810 4046 l.
822 3989 843 4063 ),
860 3995 889 4044 ia
900 3992 992 4047 medio
1032 3993 1107 4069 quit.
1120 3992 1263 4052 Similiter
1273 3993 1392 4050 Serachs
1400 3991 1485 4064 urbs,
1497 4012 1591 4070 quaea
1601 3997 1811 4069 Nisapournon

204 4089 433 4162 Hecatompylos,
452 4089 571 4156 Arsace,
591 4091 671 4158 regio
688 4087 798 4140 Nisioea
816 4086 992 4152 Parthreues
1035 4087 1226 4160 11,sedultra
1237 4096 1275 4156 lo
1287 4087 1422 4146 schoenos
1429 4088 1528 4159 distat,
1538 4107 1596 4145 non
1609 4101 1703 4166 potest
1713 4089 1812 4148 referri

205 4182 320 4251 nobilis,
341 4183 390 4238 nbi
401 4182 640 4254 Alexandropolis
659 4199 679 4235 a
698 4182 847 4240 comitare.
863 4180 991 4237 Ammia·
1032 4181 1070 4240 ad
1083 4181 1169 4240 Siroo
1183 4181 1353 4257 lsidorearn,
1363 4182 1421 4239 nisi
1431 4183 1531 4242 omnia
1545 4182 1576 4240 in
1586 4181 1696 4242 Graecis
1708 4184 1812 4242 nostris

203 4299 260 4338 nus
284 4274 393 4349 lllllll,
415 4277 447 4349 6,
463 4275 502 4346 54
519 4277 674 4343 Iasonium,
693 4276 874 4332 Antiochiam
889 4289 919 4332 et
936 4278 990 4333 Ni·
1033 4275 1149 4335 turbata
1162 4295 1225 4335 esse
1240 4276 1370 4335 linxeris.
1380 4277 1516 4336 Ceterum
1528 4277 1634 4355 Saphri
1646 4279 1747 4338 uicum
1759 4297 1812 4336 me·

234 4481 266 4542 (¹)
282 4478 357 4529 ltltler
367 4481 435 4540 11111,
445 4490 470 4541 p.
487 4481 533 4528 010
546 4491 552 4526 :
564 4493 577 4520 ι
585 4476 630 4526 Die
646 4475 736 4532 Ebene.
745 4476 769 4525 in
780 4475 885 4527 walchen
896 4477 1029 4542 ttisohapur
1040 4479 1080 4530 die
1089 4480 1160 4531 stadt
1171 4481 1220 4530 nod
1230 4479 1269 4530 die
1279 4480 1399 4531 aalrlreieh
1409 4481 1445 4532 sie
1453 4482 1618 4545 amgebcndao
1629 4483 1809 4545 Dorlsetralten,

203 4549 275 4601 meiat
285 4560 316 4596 an
331 4547 377 4597 den
391 4547 590 4611 Amgaengooder
603 4546 756 4608 harmelino,
772 4546 795 4594 in
809 4545 855 4596 den
867 4547 1091 4614 Thalvertieinngen
1107 4551 1192 4613 liegen,
1211 4552 1296 4613 getiam
1314 4552 1358 4602 mit
1382 4553 1459 4603 iliram
1470 4558 1611 4616 gesegneten
1629 4555 1713 4605 habau
1729 4555 1813 4605 iudeo

203 4621 341 4680 automno,
353 4619 500 4670 rdmndslcn
508 4617 684 4670 Landsolralten
694 4616 733 4666 die
745 4619 772 4666 tt.
784 4619 866 4666 [trasei
877 4619 902 4668 ln
914 4621 1011 4670 Persian
1026 4623 1136 4684 gesehen.
1148 4623 1191 4671 nie
1202 4623 1377 4685 Bergnblaenge
1388 4621 1502 4674 antiton
1515 4639 1581 4674 zuar
1592 4626 1639 4675 alle
1650 4637 1695 4674 aus
1703 4627 1812 4676 naellam

203 4697 267 4752 ttici,
284 4689 390 4740 uberate
406 4691 459 4740 dnd
478 4691 542 4741 reich
557 4703 588 4740 an
604 4690 687 4739 lieren
700 4688 817 4749 Badeo,
830 4688 970 4742 hiessendeo
982 4695 1099 4744 wassein
1113 4691 1164 4742 und
1183 4692 1334 4744 litosttichen
1353 4696 1662 4758 uenaaerongasmatten
1680 4697 1690 4757 (
1699 4699 1812 4759 cama),

202 4763 297 4816 welche
310 4760 348 4810 dia
361 4759 445 4810 Felder
457 4759 507 4809 und
518 4761 558 4811 die
576 4763 706 4810 schiinsten
725 4760 876 4822 Obstgaerten
888 4761 1044 4824 batrachien,
1056 4763 1081 4813 in
1093 4763 1170 4813 denen
1181 4764 1227 4814 alta
1235 4764 1291 4824 lene
1305 4765 1458 4816 Ortschasten
1470 4778 1510 4814 am
1531 4770 1606 4817 Fusae
1619 4767 1663 4817 der
1675 4770 1812 4830 Bergreihen

202 4836 245 4886 hin
254 4845 314 4897 gana
327 4829 458 4894 elagehitllt
468 4845 498 4880 au
510 4833 584 4896 hegen
594 4832 716 4882 scheineu.
730 4831 774 4882 Die
790 4831 934 4882 lieldersind
947 4833 971 4881 in
986 4833 1064 4885 liteine
1073 4835 1146 4884 liceto
1157 4834 1279 4894 vedhdlt,
1288 4836 1337 4885 und
1348 4849 1452 4898 prangen
1466 4836 1510 4885 mit
1521 4837 1568 4886 dan
1579 4837 1812 4900 mnnhliiattigaten

202 4906 296 4958 Farbeu
310 4903 375 4954 ihrer
386 4901 534 4954 Geunclue.
550 4903 594 4952 Die
605 4902 753 4968 angebauten
765 4905 892 4952 Terrassen
908 4916 947 4952 arn
959 4906 1019 4955 Fusa
1026 4904 1069 4954 der
1078 4908 1153 4964 Berge
1166 4903 1216 4953 und
1228 4906 1272 4954 aui
1285 4905 1353 4956 ituen
1364 4906 1504 4967 vonathen,
1517 4908 1602 4958 stetten
1616 4907 1694 4959 durch
1705 4910 1757 4960 ihre
1769 4908 1813 4958 rei·

202 4979 274 5029 cluere
285 4977 464 5036 neumarum
476 4977 510 5022 tm
526 4973 655 5024 sctromten
667 4974 796 5024 sctimuct.
808 4993 820 5017 ν
831 5001 862 5010 -
874 4977 900 5024 Ρ.
914 4988 937 5037 p.
952 4981 1017 5027 01οι
1033 4996 1046 5020 σι
1060 4963 1200 5026 οοο1ΙυΙαο
1216 4974 1259 5024 der
1268 4976 1415 5026 madianiti
1428 4977 1561 5040 Nischnpor
1575 4978 1607 5029 ist
1619 4979 1810 5040 spriohworttiati

203 5052 273 5100 anter
281 5048 328 5097 den
338 5049 438 5096 Persem
450 5043 577 5106 geuorden
590 5043 638 5093 und
650 5044 723 5094 datter
733 5045 799 5094 nicht
808 5043 886 5107 wenig
901 5045 1062 5107 iibertriebeu,
1074 5057 1145 5094 ivenn
1158 5044 1198 5094 die
1208 5044 1316 5108 dortigen
1332 5045 1467 5096 θοννοθοον
1477 5046 1553 5096 damit
1562 5046 1672 5110 malalai,
1681 5051 1743 5099 einsl
1751 5047 1811 5097 habe

200 5131 259 5169 man
269 5117 347 5168 inico
362 5115 548 5168 versatiiadencn
560 5113 685 5165 Matralchs
698 5116 707 5177 (
718 5114 844 5166 Districten
855 5120 864 5178 1
876 5115 1024 5180 ttisclnpurs
1036 5129 1067 5166 an
1081 5119 1155 5168 11000
1172 5113 1382 5179 norregania,
1394 5116 1433 5168 die
1447 5129 1495 5168 von
1512 5123 1586 5169 11000
1597 5117 1811 5180 wineaitangm

204 5187 252 5238 uiid
266 5193 292 5238 10
306 5185 400 5238 ticinen
412 5187 513 5238 Ftttssen
527 5185 789 5248 heimchlelgcuascm
799 5189 845 5236 etc.
