3775 5750
182 360 236 409 ιον
651 348 832 409 mourut
856 350 1057 426 (ιιιιιιιιιι,
1080 350 1131 410 υτ
1152 347 1326 427 suarna)

1660 352 1800 425 (si-ss„

179 482 309 554 ποταμοῦ.
354 480 399 545 Εἷς
414 476 441 541 δὲ
456 476 501 548 τὴν
516 478 586 537 btv«
599 476 695 548 ταύτην
709 480 756 537 οὐκ
771 478 839 536 ἔστιν
851 480 965 560 εὐχερῶς
1008 500 1156 561 portantur.
1194 492 1318 544 Ceterum
1331 492 1360 543 in
1376 490 1491 544 Thinem
1512 491 1648 559 regionem
1661 495 1816 561 por-venire

183 565 312 623 ἄπελθῑῖζ
328 562 441 631 σπανίως
454 564 505 643 ll?
522 564 569 622 ἀπ’
584 566 662 635 αὐτῆς
684 565 750 631 τινὲς
772 568 800 623 οὗ
815 566 906 625 πολλοί
921 565 935 624 ἶ
953 602 964 609 “
1009 592 1081 645 haud
1091 602 1130 645 ast
1148 591 1235 658 facile3
1250 611 1311 645 raro
1333 592 1396 646 inde
1417 592 1494 664 pauci
1512 592 1621 663 quidam
1641 592 1811 646 adveniunt.

181 666 283 723 dom
329 646 420 703 Κεῖται
443 642 470 700 δὲ
494 647 518 708 δ’
531 644 608 709 τόπος
628 644 672 701 ὑπ’
693 644 773 715 αὐτὴν
797 644 845 715 τὴν
868 668 930 724 μικρ
1008 695 1081 745 Jaeet
1095 692 1229 746 loeussub
1246 694 1342 745 Ursam
1356 694 1484 745 minorem
1509 691 1644 763 tutusque
1659 697 1815 746 contemsi-
1879 695 1880 706 ¹

183 731 294 813 ἄρκτον,
315 729 418 809 λέγεται
442 729 469 789 δέ
493 732 634 811 συνορίζειν
660 739 712 797 τοῖς
737 732 964 811 ἀπεστραμμένοις
1488 732 1496 758 ’

752 819 885 893 Mum,
906 821 965 878 καθ’
1010 813 1060 849 nus
1074 798 1236 849 esseaversis
1247 782 1366 867 partibus
1377 797 1456 849 Ponti
1469 807 1496 849 et
1510 798 1589 849 maris
1608 798 1716 868 Caspii,
1729 797 1812 867 juxta
1879 787 1880 798 ¹

155 850 168 889 ς
183 817 272 900 μέρεσι
292 824 338 876 τοῦ
359 817 459 878 Πόντου
473 818 519 878 καί
533 822 580 889 τῆς
601 816 722 885 Κασπίας
737 824 750 877 θ

180 907 249 977 ἦνῆ
279 904 460 985 παρακειμένη
483 906 563 982 λίμνη
586 908 703 972 Μαιῶτις
726 908 761 972 τίς
782 906 825 963 τόν
850 906 964 966 ὠκεανὸν
1009 897 1082 968 (ίῑῙοά
1096 899 1309 951 ffil⁵ll³Mae⁰ll³
1328 898 1420 969 Pfllffis
1442 916 1501 969 ‘1⁰³³
1522 900 1700 952 l¹¹0⁰ffl¹¹¹¹ffl
1713 900 1812 952 effim·
1879 971 1880 976 Ἰ

181 998 425 1071 ουνανοιστομοῦσα.

219 1105 254 1144 ου.
279 1087 345 1144 Κατ’
360 1083 414 1148 ἔτος
435 1078 462 1141 δέ
476 1080 650 1162 παραγίνεται
665 1080 707 1141 tut
725 1079 771 1152 τὴν
784 1082 904 1163 συνορίαν
918 1086 965 1153 τῆς

180 1172 257 1238 Θινὸς
283 1170 352 1237 ἔθνος
366 1194 407 1244 τι,
428 1174 465 1249 τῷ
485 1169 532 1245 μὲν
548 1168 652 1245 σώματι
673 1168 778 1229 κολοόοί
799 1169 843 1227 καί
865 1169 964 1249 σφόδρα

144 1288 168 1325 tu
180 1260 416 1339 πλατυπρόσωποι,
429 1258 537 1324 ἐννοίαις
553 1256 580 1317 δέ
599 1260 703 1337 λῷστον
725 1256 817 1324 αὐτοὺς
833 1256 903 1337 [δὲ]
922 1258 966 1315 λε’·

179 1348 270 1426 γεσθαί
292 1347 394 1428 [paor]
407 1345 547 1417 Σησάτας,
565 1343 725 1424 παρομοίους
742 1347 897 1425 ἀνημέροις·
915 1368 965 1403 ποι·

181 1437 328 1517 ραγίνονται
343 1434 389 1492 cliv
403 1432 505 1511 γυναιξί
518 1434 563 1491 καί
581 1434 694 1505 τέκνοις,
713 1434 884 1511 βαστάζοντες
902 1456 965 1513 φορ-

179 1526 221 1581 τία
235 1523 338 1601 μεγάλα
351 1521 440 1600 [καί]
453 1520 585 1600 ταρπόνας
604 1520 800 1596 ὠμαμπελίνοις
816 1523 964 1599 παραπλη-

179 1612 252 1682 σίοις,
267 1602 314 1669 είτ’
337 1608 530 1685 ένεπιμένουαιν
546 1607 590 1665 ἐπί
603 1631 662 1666 τινα
676 1608 755 1667 τόπον
777 1612 822 1679 τῆς
844 1608 966 1686 συνορίοις

142 1723 166 1762 ts
182 1702 266 1758 αὐτῶν
291 1698 337 1757 καί
356 1700 408 1755 τῶν
428 1696 473 1754 ἐπί
489 1700 536 1766 τῆς
558 1694 653 1766 Θινός,
674 1696 719 1754 καί
733 1696 897 1775 ἑορτάζουσιν
921 1696 966 1755 ἐπί

180 1808 252 1851 τινας
265 1784 379 1864 ἡμέρας,
394 1782 609 1864 ὑποστρώσαντες
629 1785 729 1849 ἑαυτοῖς
747 1783 794 1850 ab<
813 1784 964 1860 ταρπόνας,

76 1884 79 1891 “
181 1873 226 1931 καί
254 1872 408 1952 ἀπαίρουσιν
429 1875 464 1938 είς
485 1871 519 1930 τὰ
539 1872 593 1930 ἴδια
614 1874 649 1937 είς
673 1870 731 1937 τοὺς
752 1870 892 1949 έσωτέρους
917 1894 965 1929 το-

180 1984 254 2029 πους.
297 1964 332 2021 Οί
358 1959 385 2019 δὲ
412 1964 495 2019 ταῦτα
524 1956 671 2025 δοκεόοντες
695 1957 754 2017 τότε
777 1958 966 2037 παραγίνονται

180 2049 224 2108 tut
251 2047 309 2116 τοὺς
327 2046 421 2114 τόπους
438 2046 483 2105 καί
502 2045 656 2124 συλλέγουσι
668 2045 702 2103 τὰ
714 2044 818 2104 ἐκείνων
831 2044 965 2124 ὑποστρόι·

140 2157 166 2195 νο
182 2160 264 2215 ματα,
280 2136 325 2195 καί
346 2135 517 2205 ἐξινιοίσαντες
532 2134 665 2212 καλάμους
676 2133 734 2199 τοὺς
750 2132 905 2211 λεγομένους
919 2133 966 2191 τιέ-

180 2248 254 2305 τρους
265 2224 309 2284 ἐπί
320 2224 416 2283 λεπτόν
428 2221 651 2289 ἐπιδιπλώοαντες
669 2222 702 2280 τί
716 2221 801 2301 φύλλα
819 2221 864 2279 καί
884 2242 965 2301 opar-

182 2313 268 2391 ροειδῆ
278 2315 410 2377 ποιοῦντες
420 2308 543 2389 διείρουσι
552 2314 609 2377 ταῖς
622 2308 673 2367 ἀπὸ
683 2313 734 2368 τῶν
748 2308 877 2385 καλάμων
886 2308 964 2373 ίναις.

181 2397 286 2459 Γίνεται
299 2396 326 2455 δέ
338 2396 401 2476 γένη
423 2398 490 2476 τρία·
508 2399 538 2455 ἐκ
552 2396 600 2474 μέν
619 2402 664 2457 τοῦ
686 2396 800 2474 μείζονος
818 2396 916 2475 φύλλου
935 2396 965 2452 τὸ

180 2485 353 2567 ἁδρόσραιρον
373 2484 545 2566 μαλάὸαθρον
559 2485 716 2565 λεγόμενον,
735 2486 764 2543 ἐκ
777 2483 804 2542 δὲ
815 2489 861 2542 τοῦ
876 2484 965 2541 ὑποδε-

183 2698 210 2750 3.
223 2696 279 2768 ὑπ’]
295 2698 331 2750 ἐπ’
349 2696 442 2749 codex.
459 2700 472 2764 ΙΙ
486 2726 522 2736 -
537 2701 564 2749 6.
581 2696 726 2755 Μαιῶτις
744 2693 786 2756 εἰς
801 2694 855 2747 τόν
872 2694 966 2745 ὠκεα-

181 2775 228 2827 νόν
242 2774 551 2844 ουναναατομοῦσιι]
564 2772 605 2826 Ci.
620 2773 719 2845 Plinius
738 2776 774 2836 11,
791 2791 824 2841 97
837 2771 871 2824 de
884 2774 966 2824 Maeo-

181 2852 235 2905 tide
242 2850 337 2922 palude
352 2869 358 2904 :
371 2850 431 2906 Siue
441 2850 568 2904 caccerini
577 2850 708 2913 sinusest,
717 2861 747 2903 ut
756 2851 967 2905 multosaduerto

181 2930 335 2994 credidisse,
352 2929 409 2982 siue
425 2939 536 2996 ungium
549 2927 658 2980 discreti
671 2928 727 2981 situ
742 2929 911 2996 restagnatio.
921 2929 964 2983 Id.

181 3013 229 3076 VI,
246 3013 292 3077 133
310 3011 441 3064 Plutarch.
458 3009 531 3062 Alex.
542 3027 565 3062 c.
579 3012 628 3073 Ιςίμ
638 3009 744 3062 Curtius
752 3011 801 3074 VI,
813 3014 842 3074 43
854 3010 964 3081 Orpbie.

181 3095 245 3160 Arg.
259 3092 325 3154 1045
339 3109 408 3162 sqq.;
421 3093 521 3143 Lucan.
533 3089 624 3143 Phars.
637 3091 687 3152 111,
700 3106 767 3158 ²77³
777 3091 873 3148 Seneca
885 3092 964 3144 Herc.

181 3169 233 3223 sur.
246 3169 793 3239 1328;MaximusTyr.XXV1etXXXII.
807 3173 818 3237 ΙΙ
829 3189 966 3240 -9,σρο-

180 3248 235 3319 δροί
254 3249 326 3315 σοιί.;
346 3268 397 3302 em.
413 3248 552 3301 Salmasius
569 3265 597 3318 p.
614 3249 675 3317 754.
700 3251 710 3318 [Ι
732 3278 768 3289 -
790 3265 830 3304 10.
845 3249 965 3302 πλατυ-

180 3329 357 3399 πρόσωποι,
374 3327 508 3389 ἐννοίαις
522 3327 554 3380 δέ
568 3327 702 3398 λῷστοι]
719 3327 965 3399 πλατυπρόσωποιεν-

181 3428 223 3478 μοι
235 3406 267 3469 είς
278 3408 347 3470 τέλος
358 3427 384 3459 τε
398 3405 484 3468 αιἰτοίις
495 3407 610 3477 λέγεσθαι
622 3407 651 3458 Σ.
666 3405 758 3459 codex.
771 3407 909 3460 Salmasius
919 3409 935 3460 l.
946 3408 963 3473 l,

180 3485 289 3540 dederat
304 3503 310 3538 :
324 3485 541 3557 πλατυπρόσωποι,
558 3484 627 3556 σιμοί
641 3483 673 3546 είς
683 3483 760 3550 τέλος,
774 3485 894 3547 αὖτοὶιςδέ
907 3487 963 3556 λεγ.

179 3564 220 3630 Σ,
240 3587 250 3615 ι
268 3581 361 3636 parum
372 3583 509 3635 prospere5
523 3582 583 3616 nam
598 3574 624 3616 et
637 3563 706 3634 σιμοί
720 3563 845 3634 junctura
861 3576 930 3618 caret
940 3576 967 3617 et

180 3643 326 3696 obscurum·
332 3653 371 3694 est
381 3641 413 3704 εἰς
427 3643 505 3706 τέλος,
514 3660 563 3695 nec
573 3642 717 3696 infinitivus
728 3643 807 3696 babet
818 3644 888 3696 unde
900 3663 964 3714 pen·

180 3721 249 3774 deal.
274 3721 407 3774 Sententia
428 3721 481 3772 lere
502 3723 588 3792 poscit
603 3739 609 3774 :
625 3721 728 3793 ὀνόματι
739 3724 765 3775 δέ
785 3741 856 3792 φασιν
880 3721 967 3785 αιίτοίις

180 3799 295 3870 λέγεσθαι
307 3800 346 3851 vel
362 3799 464 3852 similia.
483 3825 493 3845 ι
513 3803 727 3854 Βιιιιυιικιιονιιε.
743 3803 852 3854 Vossius
864 3800 897 3854 ad
908 3803 965 3854 Me·

180 3878 231 3931 lam
245 3881 295 3941 111,
307 3896 322 3948 7
333 3876 392 3947 conj
397 3918 402 3930 .
418 3895 424 3929 :
439 3879 655 3948 πλατυπρόσωποι,
665 3877 752 3944 έννεοί,
766 3879 799 3940 είς
807 3879 876 3940 τέλος
884 3899 910 3932 τε
925 3879 966 3931 ab.

180 3955 236 4016 τοίις
246 3954 303 4025 λεγ.
315 3955 435 4020 Βησάδας.
452 3954 533 4022 Quod
550 3973 598 4023 ego
615 3954 676 4008 dedi
694 3954 727 4007 ad
738 3955 832 4008 tradita
845 3958 965 4026 proxime

180 4033 303 4088 accedere
321 4033 467 4087 ridebatur.
488 4033 528 4087 Cf.
551 4034 650 4087 Plinius
663 4036 712 4099 VI,
732 4051 764 4087 aa
786 4040 875 4086 :Seres
889 4035 965 4088 mites

180 4111 283 4185 quidem
300 4111 347 4164 secl
363 4125 388 4164 rt
405 4111 458 4184 ipsi
467 4111 538 4181 feris
543 4111 690 4184 persimiles
708 4123 800 4164 cretum
810 4112 964 4184 reliquorum

180 4191 454 4260 urortrrliumsagiuut,
463 4190 616 4244 commercia
624 4202 784 4265 exspectant.
796 4191 864 4244 Mela
870 4195 920 4257 111,
933 4211 962 4262 7:

179 4273 248 4322 Seres
255 4289 335 4338 gertus
340 4270 447 4342 plenum
454 4269 577 4340 justitia,
591 4289 623 4323 ex
632 4269 800 4334 commerciis,
812 4271 965 4342 quadradas

181 4349 208 4401 ιἰι
221 4349 362 4402 solitudine
373 4348 472 4402 relictis
483 4350 575 4403 absens
588 4350 705 4424 penzgit,
716 4350 891 4405 notissimum.
906 4350 945 4420 Ση
953 4383 964 4394 -

180 4429 288 4500 σάτας]
299 4431 360 4498 [eg.
372 4427 426 4482 vid.
442 4429 553 4496 Βησάτας
566 4429 606 4482 vel
621 4429 739 4496 Βησάδας.
753 4429 793 4484 Cf.
810 4431 964 4485 Ptolemaeus

179 4508 241 4571 vu,
258 4525 281 4570 ι,
305 4508 335 4560 15
352 4524 359 4559 :
373 4507 435 4560 Μεθ’
450 4508 492 4569 οὓς
504 4507 562 4579 ίιπὲρ
581 4508 623 4560 τδν
638 4509 779 4580 Μαίανδρον
794 4509 907 4576 Τιλάδαι,
919 4531 963 4564 κα-

180 4583 251 4635 λοῦσι
262 4583 288 4636 δὲ
301 4583 377 4646 οὕτως
387 4586 443 4648 robe
456 4587 587 4654 Βησείδας·
603 4586 651 4640 slol
666 4587 714 4659 γὰρ
728 4588 830 4641 κολοόοί
846 4590 886 4643 καί
900 4590 964 4644 πλα-

179 4664 230 4722 τεῖς
241 4662 283 4714 καί
302 4663 518 4736 πλατυπρόοωποι,
543 4666 628 4719 λευκοί
652 4668 734 4736 μέντοι
756 4667 798 4729 τὰς
815 4670 899 4738 χρόας.
919 4670 962 4724 Id.

180 4743 195 4808 §
209 4758 240 4810 17
257 4757 263 4792 :
284 4739 439 4812 Ὗπέρκειται
452 4745 621 4812 πλησιάζουσα
634 4747 686 4807 τοῖς
696 4747 870 4817 Βησυγγείταις
881 4751 892 4816 (
904 4749 962 4820 sic)

179 4819 286 4891 ἠλρυαῆ
297 4821 377 4890 χώρα.
390 4822 519 4877 Palladius
537 4827 576 4878 Dc
588 4825 746 4879 Brachman.
766 4827 793 4878 in
806 4826 963 4880 Pseudocal·

179 4901 248 4954 tiuh.
262 4903 312 4964 Ill,
322 4903 348 4964 8,
358 4917 384 4970 p.
397 4903 444 4954 103
454 4921 494 4974 sq.
508 4921 513 4955 :
525 4909 573 4957 τῶν
584 4906 742 4976 καλουμένων
753 4905 863 4958 uisatur
875 4912 923 4959 τῶν
934 4909 963 4960 τὸ

179 4982 260 5052 πέπερι
269 4979 424 5050 συναγόντων
432 4981 499 5048 κτλ,
508 4983 554 5036 ubi
565 4985 632 5036 vide.
645 4985 698 5052 ίί-
709 5003 750 5038 ιι.
760 5004 826 5054 παρ.
842 4985 897 5054 ἀντ,
907 5007 924 5057 μ
934 4990 961 5059 .]

179 5064 354 5132 παρομοιοῦσιν
364 5059 463 5131 ἡμέραις
471 5063 544 5129 cod.;
556 5082 609 5116 em.
618 5065 766 5118 Salmasius.
781 5067 791 5132 ΙΙ
803 5097 838 5106 -
850 5084 891 5119 12.
905 5087 963 5140 φορ·

180 5140 220 5190 τία
240 5139 337 5211 μεγάλα
353 5142 469 5212 τέρπονας
485 5141 669 5213 ὠμαμπελίνων
691 5145 848 5215 παραπλήσια
862 5146 962 5214 codex;

179 5237 203 5287 ρ.
220 5237 246 5290 μ,
262 5218 286 5271 ἐν
304 5222 431 5289 ταρπόναις
443 5221 626 5293 ὦμαμπελίνων
639 5223 795 5294 παραπλήσια
810 5226 962 5291 Salmasius,

1010 1001 1093 1055 ditur.

1045 1106 1090 1159 65.
1105 1106 1254 1175 Quotannis
1268 1115 1357 1159 auteur
1365 1104 1399 1159 ad
1413 1104 1527 1159 confinia
1540 1104 1634 1158 'lirinis
1650 1123 1719 1175 geos
1733 1124 1811 1176 φιτ-

1009 1197 1071 1251 dam
1083 1216 1232 1251 commeare
1245 1198 1311 1251 solet
1327 1197 1466 1251 hominum
1485 1214 1597 1267 corpore
1608 1197 1721 1268 pusillo,
1740 1197 1810 1250 sarie

1009 1287 1154 1341 admodum
1169 1289 1230 1353 lata,
1245 1298 1334 1341 mente
1348 1298 1436 1341 tamen
1449 1289 1601 1351 mitissima,
1616 1306 1686 1358 quos
1703 1290 1811 1341 Sesatae

1010 1382 1021 1447 (
1032 1378 1146 1432 Besados
1159 1379 1168 1450 )
1183 1391 1287 1444 rorant,
1308 1378 1369 1432 seris
1389 1380 1525 1433 assimiles.
1563 1378 1721 1432 Adveniunt
1743 1400 1808 1433 cum

1010 1474 1137 1525 uxoribus
1155 1483 1182 1524 et
1199 1473 1297 1536 liberis,
1313 1490 1419 1541 magnas
1433 1482 1567 1543 portantes
1581 1474 1700 1525 sarcinas
1711 1485 1740 1526 et
1756 1477 1808 1526 sir·

1010 1581 1072 1635 peas
1084 1562 1175 1615 viridis
1189 1564 1249 1615 vitis
1258 1563 1326 1615 soliis
1337 1562 1535 1634 comparandas.
1575 1562 1680 1617 Deinde
1696 1565 1724 1617 in
1742 1584 1811 1619 eon·

1010 1655 1079 1709 liniis
1091 1674 1144 1709 suae
1156 1657 1272 1727 ipsorum
1287 1666 1314 1708 et
1331 1656 1426 1709 Thinis
1444 1656 1558 1725 regionis
1571 1656 1667 1709 alicubi
1681 1676 1809 1711 commo·

1010 1756 1097 1798 rantes
1106 1764 1154 1817 per
1162 1745 1218 1798 dies
1225 1744 1324 1816 aliquot
1333 1744 1482 1815 festaagunt
1490 1745 1626 1799 substratis
1635 1747 1687 1798 sibi
1697 1749 1807 1818 sir-peis,

941 1871 948 1891 ι
1010 1847 1037 1889 et
1046 1836 1142 1889 deinde
1154 1839 1181 1888 in
1192 1836 1249 1888 lom
1264 1836 1390 1889 interiora
1398 1836 1432 1888 ad
1441 1853 1503 1888 suos
1513 1847 1694 1890 revertuntur.
1730 1840 1808 1891 Tum

1011 1948 1074 1983 vero
1086 1930 1180 1982 'lirinis
1191 1928 1292 1992 iucolae,
1301 1927 1439 1981 observato
1451 1928 1556 1982 illorum
1569 1928 1697 1995 discessu,
1709 1949 1807 1983 accur·

1011 2029 1097 2072 rentes
1108 2029 1188 2071 strata
1200 2020 1250 2071 ista
1263 2018 1404 2087 eolligunt,
1417 2029 1489 2071 etex
1503 2018 1617 2083 calamis,
1630 2038 1699 2089 quos
1712 2031 1807 2090 petros

1010 2109 1156 2180 appellant,
1176 2110 1263 2161 nervis
1278 2108 1404 2179 librisque
1417 2110 1548 2174 extractis,
1565 2119 1592 2162 et
1611 2109 1680 2162 soliis
1702 2112 1730 2163 in
1748 2112 1807 2178 glo·

1011 2198 1087 2250 bolos
1100 2197 1247 2252 convolutis
1258 2208 1284 2250 et
1292 2197 1463 2269 complicatis,
1478 2198 1638 2271 calamorum
1652 2198 1729 2252 fibris
1741 2201 1806 2253 lolia
1879 2195 1880 2198 ¹

1011 2289 1153 2358 trajiciunt.
1190 2288 1254 2340 Tria
1267 2299 1355 2340 autem
1364 2286 1432 2339 fiunt
1443 2305 1554 2357 genem,
1569 2288 1643 2360 quod
1652 2308 1685 2343 cx
1701 2291 1805 2362 majore

1009 2385 1039 2437 st
1046 2384 1118 2450 solio,
1127 2383 1343 2455 hadrosphaerum
1353 2384 1545 2437 malabatbrum
1556 2384 1671 2451 dicitur3
1681 2388 1759 2458 quod
1770 2408 1804 2440 ex

1009 2480 1152 2545 mediocri,
1174 2480 1392 2549 mesosphaerum
1414 2479 1486 2551 quod
1507 2499 1540 2533 ex
1566 2482 1685 2549 minore,
1703 2485 1804 2538 micro-

1009 2691 1082 2762 quod
1094 2694 1147 2744 sive
1163 2701 1323 2743 structuram
1336 2691 1478 2743 verborum
1495 2692 1550 2743 sire
1563 2710 1669 2745 sensum
1687 2710 1799 2767 spectes,
1879 2751 1880 2758 ,

1009 2769 1112 2823 admitti
1127 2772 1228 2840 nequit.
1247 2771 1358 2822 Vossius
1375 2768 1409 2821 ad
1429 2770 1525 2822 Melum
1539 2769 1558 2822 l.
1578 2769 1596 2822 1,
1611 2770 1683 2841 conj.
1698 2790 1706 2826 ε
1722 2795 1747 2845 ρ.
1770 2798 1797 2847 μ.

1009 2849 1131 2919 πετρῶνάς
1140 2849 1162 2900 τ’
1173 2847 1356 2919 ὠμαμπελίνοιν
1367 2847 1546 2917 παραπλησίας.
1559 2870 1569 2898 ι
1580 2850 1715 2906 Dicuntur
1725 2873 1798 2920 vero,

1009 2929 1055 2992 ait,
1072 2933 1190 2998 πετμῗινες
1202 2945 1218 2980 a
1230 2927 1335 2980 calamis
1350 2926 1554 2991 malabathrinis‚
1571 2946 1638 2999 quos
1650 2942 1742 3002 petros
1755 2954 1799 2988 ιο.

1010 3008 1063 3059 cari
1086 3007 1186 3060 scribit.
1202 3009 1213 3075 11
1230 3037 1266 3047 -
1284 3005 1326 3058 ι5.
1344 3011 1404 3058 τῶν
1425 3004 1493 3078 ἐπὶ]
1516 3013 1564 3059 τῶν
1584 3007 1631 3061 ὑπὸ
1649 3009 1712 3064 eod.
1738 3015 1748 3082 ΙΙ
1763 3046 1798 3055 -

1012 3085 1053 3138 15.
1075 3084 1302 3156 ἑορτάζουσιν]
1319 3085 1464 3154 ἁρπάζουσιν
1477 3085 1550 3151 cod.;
1563 3087 1795 3158 probabiliterem.

1009 3166 1128 3219 Vossius.
1147 3166 1205 3233 Ιί-
1222 3168 1263 3218 ι8.
1285 3168 1382 3217 ταῦτα
1405 3166 1646 3237 δοκεόοντεςῙτ.
1669 3169 1798 3235 δοκοῦντες

1009 3244 1106 3310 eodem
1122 3245 1145 3296 οί
1163 3243 1189 3296 δὲ
1205 3244 1396 3313 καραδοκοῦντες
1411 3242 1481 3314 conj.
1504 3244 1653 3299 Salmasius.
1673 3249 1797 3304 Cetemm

1010 3323 1123 3376 tabulam
1147 3334 1236 3376 narrat
1248 3333 1350 3376 auctor.
1375 3324 1503 3375 Venerint
1526 3324 1632 3376 Bssadae
1650 3326 1685 3379 ad
1706 3329 1797 3384 vicina
1879 3320 1880 3343 ¹

1009 3403 1123 3472 regionis
1132 3401 1240 3464 limites,
1263 3412 1292 3454 ιιι
1310 3400 1502 3455 malabathmm
1520 3402 1672 3457 venderent.
1691 3409 1796 3479 Ειιμοιι·

1009 3479 1107 3532 debaot
1121 3482 1148 3532 iu
1159 3478 1280 3532 confiniis
1296 3498 1409 3548 meroes;
1423 3491 1481 3534 tum
1494 3481 1660 3547 recedebant,
1673 3494 1703 3537 ut
1714 3499 1796 3540 emto-
1879 3540 1880 3555 γ

1010 3577 1051 3610 res
1064 3561 1178 3630 pretium
1190 3570 1363 3630 apponerent,
1376 3570 1449 3612 muta
1459 3561 1508 3614 ista
1520 3563 1670 3614 commercii
1683 3567 1794 3632 ratione,

1009 3650 1088 3707 quam
1101 3649 1126 3690 et
1135 3637 1229 3690 Melal.
1245 3635 1265 3690 lJ
1277 3638 1434 3705 subindicat,
1445 3651 1471 3693 et
1484 3640 1547 3693 alios
1558 3641 1629 3711 apud
1638 3645 1750 3714 populos
1760 3650 1796 3699 ri-

1009 3718 1095 3784 guisse
1106 3716 1172 3770 bene
1184 3728 1277 3770 notum
1287 3729 1335 3770 est.
1350 3722 1360 3787 t}
1372 3748 1408 3758 —
1418 3734 1461 3772 κο.
1471 3717 1534 3780 έξιν
1544 3721 1690 3784 ιάσαντες
1703 3726 1793 3797 κτλ]

1009 3797 1147 3849 Salmasius
1155 3814 1182 3866 p.
1195 3797 1245 3866 754
1259 3814 1266 3848 ;
1278 3819 1289 3846 ι
1302 3797 1479 3862 Dioscorides,
1488 3798 1534 3850 ubi
1545 3799 1579 3851 de
1588 3799 1752 3856 malabathro
1760 3805 1794 3856 lo-

1009 3877 1099 3944 quitur
1115 3891 1121 3928 :
1136 3876 1194 3944 ὅπερ
1209 3875 1369 3945 συλλέγοντες
1381 3876 1495 3946 διείρουσι
1515 3876 1611 3949 λίνῳ...
1624 3879 1744 3934 Isidorus
1761 3883 1793 3935 de

1009 3953 1102 4006 eodem
1114 3955 1276 4007 malabathro
1287 3971 1293 4006 :
1308 3955 1412 4008 Foliam
1421 3955 1532 4020 dictum,
1543 3956 1615 4029 quod
1622 3958 1678 4011 sine
1689 3960 1745 4012 υίίιι
1755 3983 1794 4014 m·

1008 4033 1066 4085 dice
1082 4033 1205 4086 innatans
1216 4034 1243 4086 in
1251 4033 1337 4086 Iudice
1348 4034 1470 4088 litoribus
1481 4035 1625 4103 colligitur,
1644 4038 1698 4090 lino
1705 4043 1792 4110 perstr-

1009 4123 1096 4164 rntum
1104 4112 1207 4164 siccant
1215 4111 1279 4164 Indi
1288 4125 1365 4184 atquc
1374 4126 1509 4185 reponunt.
1521 4119 1621 4168 Auctor
1630 4117 1727 4188 Peripli
1741 4138 1790 4172 non

1008 4190 1063 4242 lino
1072 4191 1200 4261 perforari
1212 4209 1243 4243 ac
1252 4190 1334 4261 trajici
1344 4192 1445 4262 pillulas
1455 4193 1519 4260 ibas,
1527 4213 1586 4265 quae
1595 4213 1627 4246 ex
1637 4196 1789 4252 malabathri

1009 4268 1076 4321 soliis
1088 4269 1323 4334 concinnabantur,
1334 4269 1380 4321 sed
1393 4272 1455 4341 ipsis
1469 4274 1556 4325 nervis
1567 4275 1621 4326 sive
1633 4273 1707 4326 libris
1728 4278 1790 4331 cala·

1009 4366 1114 4401 morum
1127 4350 1181 4400 sire
1199 4350 1331 4420 virgarum
1344 4349 1498 4403 malabathri
1505 4372 1513 4416 ;
1528 4351 1652 4423 καλάμους
1665 4355 1737 4408 enim
1748 4377 1788 4409 ro·

1008 4437 1049 4480 cat
1057 4429 1216 4498 virgasipsas
1222 4447 1253 4481 ae
1261 4429 1379 4481 surculos
1386 4430 1482 4499 quibus
1489 4431 1622 4485 haerebant
1631 4433 1700 4485 lolia.
1713 4439 1788 4506 Atqui

1008 4525 1040 4559 ex
1050 4508 1111 4577 ipsis
1125 4506 1193 4559 toliis
1205 4507 1284 4560 siluas
1296 4508 1350 4562 illas
1368 4511 1422 4562 sive
1435 4528 1530 4563 nervos
1543 4511 1669 4565 desciant.
1683 4514 1740 4566 Hoc
1752 4517 1788 4568 ille

1009 4604 1083 4646 vocat
1095 4593 1230 4659 ἐξινιάζειν,
1245 4595 1297 4649 hoe
1309 4607 1348 4648 est
1361 4593 1418 4658 ἶνας
1430 4598 1576 4651 extrahere.
1591 4623 1604 4647 ν
1621 4601 1743 4655 Ceterum
1756 4604 1787 4656 de

1009 4673 1171 4727 malabathro
1189 4675 1198 4745 (
1210 4674 1422 4748 tarnulapotra),
1437 4676 1509 4747 quod
1522 4678 1585 4731 olim
1597 4677 1664 4730 bete!
1673 4698 1729 4732 esse
1740 4701 1784 4752 pu·

1008 4753 1108 4818 tabant,
1125 4755 1253 4825 quamsit
1266 4754 1357 4808 solium
1371 4757 1440 4810 lauri
1451 4758 1559 4820 cassioe,
1576 4756 1635 4810 vide
1647 4777 1706 4828 ιμια·
1717 4773 1784 4814 notat

1008 4835 1146 4886 Iassenius
1164 4833 1226 4886 tmt.
1243 4837 1297 4891 All.
1311 4839 1333 4897 l,
1346 4854 1373 4907 p.
1386 4839 1436 4890 283
1446 4856 1486 4908 sq.
1499 4842 1610 4906 11-24.
1625 4838 1784 4910 ἁδρόαραι.

1009 4931 1075 4981 ρον.
1091 4914 1100 4983 ]
1119 4912 1225 4965 Salmas.
1238 4931 1265 4983 p.
1280 4916 1331 4982 754
1347 4932 1353 4967 :
1371 4941 1381 4960 ι
1398 4916 1552 4969 Malabatbri
1565 4916 1625 4970 solia
1635 4918 1698 4971 olim
1716 4922 1741 4972 iu
1751 4923 1785 4990 pi·

1008 4990 1070 5043 lulas
1077 4992 1216 5044 convoluta
1225 5011 1321 5046 venum
1331 4995 1413 5060 ibant,
1425 5007 1451 5050 et
1464 4997 1514 5049 bae
1524 4996 1607 5049 t'orma
1618 4997 1644 5048 in
1657 5000 1781 5068 Europam

1007 5068 1201 5123 adiciebantur.
1214 5071 1281 5124 inde
1291 5075 1361 5144 apud
1374 5075 1517 5146 Didymum
1532 5093 1538 5129 :
1563 5075 1657 5144 φύλλου
1677 5077 1781 5145 putass-

1873 4720 1881 4796 ί

1872 5066 1881 5101 ί

1009 5149 1066 5219 θρου
1076 5151 1173 5219 αραιρία
1182 5151 1261 5215 πέντε,
1272 5163 1298 5204 et
1309 5154 1368 5206 alibi
1379 5155 1489 5226 σραιρίον
1498 5155 1545 5207 έν..
1559 5154 1659 5208 Plinius
1670 5156 1730 5218 XII,
1741 5161 1779 5218 τό,
1879 5148 1880 5153 ¹

1009 5229 1054 5298 qui
1071 5227 1160 5283 lolium
1176 5229 1250 5282 natali
1269 5233 1369 5302 putavit
1383 5251 1452 5298 esse,
1467 5251 1550 5304 qirum
1564 5235 1596 5286 sit
1613 5232 1774 5286 matauuhri·
