3775 5750
107 364 205 441 mu.)
661 411 664 415 .
810 368 1007 431 cauturus.
1683 382 1717 433 ιι

104 497 151 553 καὶ
166 494 248 571 λιμὴν
263 496 272 571 ]
288 486 358 553 οὗτος
376 498 461 573 liupr<
477 493 496 573 h
510 498 588 566 *ἦθος
609 496 668 560 Ι(ῶς
692 493 737 553 καὶ
761 495 891 563 astruat
935 514 1014 564 Cares
1024 513 1045 579 ),
1057 509 1140 562 insula
1153 510 1204 561 Cos
1213 520 1239 561 et
1250 527 1312 563 urus
1321 528 1381 562 cnm
1392 521 1471 581 portu
1485 510 1581 564 clauso.
1609 514 1719 567 Vicinus

104 583 328 658 ttptvxtnutte.
371 582 543 643 llfltlffllltss
555 582 831 659 Κῑρῦμῑᾱκὸςκὸλπθς
845 592 892 657 τῆς
935 600 977 653 lris
991 610 1017 651 et
1030 599 1196 651 Ceramiacus
1210 599 1283 649 siuns
1295 600 1377 651 Cariae
1390 608 1416 651 et
1432 600 1541 670 Nisyrns
1562 600 1645 653 insula
1657 618 1718 654 cum

106 672 228 751 Κᾱρῖςςι
250 672 297 731 ml
312 675 390 741 *ἦθος
412 670 524 749 illm«
542 670 588 728 ml
614 670 705 746 λιμόν·
749 670 892 749 ’suffitum
935 698 1024 759 portu.
1063 685 1152 739 Redeo
1164 684 1196 739 ad
1206 688 1393 739 continentem.
1432 688 1555 759 Sequitur
1565 702 1719 759 promonto-

105 760 186 817 ¹³th
200 758 246 817 tat
263 758 440 836 t'hit‘lmlPPt-
486 756 740 838 ’tapnetpuitepm
753 759 892 838 Τριόπιον,
935 776 1005 828 rium
1020 792 1123 827 sacrum
1136 775 1291 845 lhiopium,
1305 772 1405 827 Cnidus
1420 774 1483 827 urbs
1491 777 1593 840 Graeca,
1608 787 1635 829 et
1651 779 1721 830 liho-

109 847 207 915 Κνί3ος
220 847 296 912 etii<
309 845 435 915 ‘titiane
459 844 505 903 ml
526 845 601 925 χώρα
620 851 638 915 l,
661 845 798 917 Ῥθδίςιίίὴ
818 850 845 905 ἕν
859 854 892 928 τῇ
935 861 1041 913 diorum
1051 862 1213 913 territorium
1224 861 1403 913 incontinenti
1414 862 1504 925 situm,
1515 864 1622 915 Caunus
1629 865 1721 917 Carica

103 937 228 1015 ἠπείρῳ,
244 938 346 999 lichtst
375 933 479 1013 ttapnl,
498 935 573 999 πολῑς
593 934 639 992 καὶ
657 932 737 1009 λιμὴν
761 937 892 1009 κλειστὸν,
935 949 999 1001 urbs
1013 964 1072 1001 cunr
1090 958 1169 1019 portu
1182 947 1284 1010 clauso,
1300 948 1425 1017 Cryassus
1440 951 1662 1018 promontorium.
1680 954 1719 1003 Ex
1757 985 1758 989 =

106 1022 249 1101 Κρυασοός
264 1021 438 1102 ἀκρωτήριον.
481 1020 573 1087 Ῥόδος
584 1021 653 1079 unet
664 1028 741 1081 τοῦτο
752 1027 830 1093 νῆσος
848 1025 894 1083 καὶ
935 1036 1046 1089 adverso
1058 1037 1107 1089 sita
1113 1046 1152 1089 est
1160 1033 1269 1087 ilbodus
1280 1035 1364 1087 insula
1373 1045 1399 1086 et
1410 1034 1483 1099 urbs,
1492 1045 1518 1087 et
1530 1038 1637 1107 antiqua
1654 1040 1680 1089 in
1690 1057 1720 1091 ea

106 1114 196 1179 πόλις·
211 1110 258 1170 uui
272 1112 388 1190 ιρίπολις
400 1109 500 1189 ἀρχαία
515 1113 541 1169 ἐν
557 1112 642 1187 αὐτῇ,
656 1111 745 1176 πολεις
755 1111 825 1170 αἵδε·
836 1108 892 1171 Ἰα·
935 1122 1038 1193 tripolis
1044 1132 1092 1186 est,
1101 1122 1179 1175 urbas
1187 1121 1283 1173 scilicet
1291 1122 1344 1174 hae:
1353 1121 1460 1193 lalysns‚
1470 1121 1580 1187 Lindus,
1589 1125 1718 1177 (lauricius.

75 1203 201 1276 ιλυσος,
217 1200 328 1275 λίνδος,
351 1199 493 1279 Κάμειρος.
538 1197 616 1257 Κατὰ
627 1196 655 1257 di
666 1199 713 1269 τὴν
725 1199 817 1260 Ῥόδον
836 1198 893 1258 uide
935 1211 1022 1279 Prope
1044 1206 1167 1260 ilbodum
1188 1206 1277 1260 insulas
1292 1206 1413 1260 habitatas
1432 1218 1495 1260 suut
1517 1207 1558 1260 hae
1575 1226 1581 1260 :
1600 1210 1718 1275 Chalcia,

105 1287 179 1358 νῆσοί
191 1290 258 1346 εἰσιν
270 1285 433 1362 οἰκούμεναι·
446 1285 582 1361 Κοίλιινια,
592 1289 689 1357 Τῆλος,
705 1288 804 1359 Κόσος,
815 1288 893 1365 Κοίρ-
935 1295 1025 1358 Teius,
1038 1296 1130 1359 Casus,
1143 1294 1289 1365 Carpathus
1301 1293 1385 1345 tribus
1399 1295 1524 1349 instructa
1534 1294 1651 1347 urbibus
1687 1298 1721 1349 Et

104 1380 194 1440 παθος·
210 1374 277 1446 αὕτη
289 1374 417 1453 τρίπολις.
437 1373 520 1433 Καὶό
536 1373 691 1453 παράπλους
708 1374 824 1453 Καρίας,
840 1375 893 1433 ἀπὸ
936 1386 1116 1455 ρσπίεινσσίίο
1130 1382 1227 1446 Cariae,
1244 1380 1305 1434 indo
1317 1400 1332 1435 a
1343 1381 1479 1435 Maeandro
1495 1382 1576 1435 lluvio
1590 1384 1720 1453 usquead

105 1461 262 1538 λίαιοὶνδροο
277 1468 398 1537 ποταμοῦ
411 1461 456 1521 ἐπὶ
472 1460 516 1520 τὸν
532 1462 682 1541 Κρυαοσὸν,
693 1462 711 1519 ό
719 1465 776 1520 ἐστι
789 1463 892 1543 Καρίας
936 1472 1076 1541 Cryassum
1095 1471 1178 1523 Cariae
1191 1470 1404 1540 promontorium
1421 1467 1537 1522 duorum
1551 1480 1590 1521 est
1603 1468 1718 1522 diorum.

112 1552 120 1571 Ὶ
204 1549 214 1570 Ι

105 1572 280 1628 ιιιιρωτηριον,
296 1549 343 1607 δύο
363 1553 480 1628 ἡμερῶν.
524 1549 666 1627 Ἐπόνιιμι
686 1549 764 1609 πόλιν
782 1550 825 1608 tut
845 1551 893 1622 rip
935 1549 1103 1611 Sedrursnm
1117 1555 1392 1610 mesdoontiuentem
1404 1554 1522 1621 consero,
1537 1555 1609 1609 uude
1622 1555 1721 1625 digres-

104 1639 225 1716 ἧπιιρον,
237 1637 295 1697 ὅθεν
306 1638 500 1718 ἐξετραπόμην.
935 1662 980 1697 sus
991 1662 1072 1697 eram.

103 1840 145 1892 alii
163 1839 200 1892 de
215 1839 340 1911 Calymne
353 1850 380 1893 et
396 1842 478 1905 Lero,
494 1840 537 1892 alii
554 1841 588 1893 de
606 1841 731 1912 Calymne
749 1842 893 1911 vicinisque
937 1838 1080 1908 τρίπολις
1103 1836 1218 1907 ἀρχαία
1239 1836 1269 1889 ἐν
1291 1835 1385 1907 αὐτῇ]
1408 1840 1481 1901 νῆσος
1501 1837 1610 1907 τρίπολις
1631 1836 1721 1909 ἀρχαία

104 1920 196 1971 insulis
215 1920 391 1988 intelligebant
405 1920 459 1991 (V.
474 1920 568 1973 Strabo
578 1920 595 1972 l.
611 1921 628 1972 l.
642 1922 661 1992 ].
680 1923 831 1991 Utrumque
844 1938 893 1972 uo·
936 1918 1007 1979 πόλις
1020 1917 1044 1970 ἐν
1056 1915 1117 1986 αὐτῇ
1130 1915 1223 1967 codex.
1240 1918 1302 1967 llaec
1312 1924 1436 1985 corrupta
1445 1932 1500 1966 esse
1511 1914 1601 1985 liquet,
1616 1918 1722 1970 morito·

104 2017 165 2051 mco
187 1998 378 2069 conglutinavit
406 1998 605 2069 quodammodo
625 2010 718 2051 auctor
739 2001 827 2069 Etym.
851 2001 889 2051 Μ.
936 2015 989 2067 que
1008 1997 1110 2049 monuit
1123 1994 1283 2048 Niebuhrius
1301 1995 1364 2067 (Kl.
1387 1992 1525 2063 Schriften.
1541 1997 1572 2059 l,
1590 2012 1616 2065 p.
1636 1997 1684 2049 115
1698 1998 1718 2069 ).

103 2095 130 2147 p.
142 2080 207 2141 486,
218 2079 252 2129 25
265 2094 272 2130 :
287 2078 415 2148 Κόλυμνος
426 2077 476 2131 tte
488 2077 604 2149 λίγόπτῳ
615 2081 682 2139 σῖτος
691 2076 746 2129 ἀντὶ
758 2082 804 2129 τοῦ
814 2076 894 2128 Καλό·
936 2077 991 2143 Qui
1006 2084 1099 2147 putant
1117 2073 1208 2145 ἀρχαία
1228 2073 1298 2135 πόλις
1310 2073 1344 2126 de
1360 2072 1454 2125 Rhodo
1469 2073 1552 2125 insula
1571 2073 1624 2126 dici
1644 2078 1720 2130 sicuti

105 2175 182 2225 μνιος·
200 2155 216 2207 ό
231 2154 280 2226 γὰρ
300 2155 457 2225 Φιλάδιλρος
479 2156 506 2208 ἐκ
527 2155 698 2208 Καλυδνῶν
714 2156 848 2227 μετήνεγκε
863 2156 892 2208 rb
936 2157 1020 2225 poetis
1048 2166 1074 2207 et
1099 2152 1316 2206 declamatoribus
1340 2151 1427 2205 dicere
1451 2152 1511 2203 licet
1534 2151 1624 2204 Εόόοια
1651 2156 1722 2218 πόλις

104 2236 208 2304 σπέρμα.
221 2234 320 2287 Plinius
330 2232 456 2304 denique,
468 2232 584 2289 diversas
596 2234 681 2287 sontes
689 2236 801 2287 miscens
809 2273 817 2297 ,
832 2251 893 2305 per·
938 2234 1050 2305 (Eurip.
1062 2234 1082 2304 ),
1100 2233 1288 2299 Πελοπόννησος
1309 2232 1379 2292 πόλις
1400 2232 1510 2301 (Ειιιίρ.
1524 2234 1544 2299 ),
1560 2230 1653 2302 Κόπρος
1675 2236 1721 2287 πό-

103 2332 194 2383 peram
207 2311 273 2365 duas
286 2313 383 2365 insulas
397 2323 515 2365 recenset
530 2314 684 2384 Calymnam
696 2323 723 2364 et
736 2311 891 2383 Calyduam,
936 2313 974 2374 λις
993 2314 1111 2385 (llimer.
1128 2313 1184 2365 Ecl.
1203 2312 1266 2384 ορ.)
1284 2328 1290 2363 :
1315 2312 1343 2364 hi
1360 2312 1447 2381 inepta
1462 2309 1559 2381 Scylaci
1580 2311 1718 2382 allingunt.

103 2394 152 2457 IV,
173 2394 208 2444 23
224 2409 231 2444 ε
248 2391 362 2462 Cels-dau
376 2392 402 2444 in
416 2410 470 2463 qim
490 2393 618 2464 oppidum
637 2394 721 2454 eoum
742 2391 864 2459 Ortyrmn
875 2408 893 2442 α
937 2394 1010 2446 Licet
1025 2410 1130 2445 sensnm
1146 2392 1253 2461 vulgatae
1273 2390 1370 2443 inferre
1386 2388 1467 2460 ejecta
1481 2407 1544 2441 voce
1555 2391 1641 2456 πόλις,
1655 2394 1721 2447 adeo

103 2488 156 2540 qua
168 2470 363 2542 Carpathum...
377 2472 455 2523 XXV
463 2470 530 2523 mitt
542 2490 619 2543 pass.
633 2469 708 2523 ldem
727 2488 791 2522 vero
806 2472 842 2533 V,
858 2470 892 2521 36
935 2483 966 2525 ut
983 2474 1087 2525 nonnisi
1102 2471 1211 2542 τρίπολις
1230 2470 1347 2535 Rhodia,
1370 2488 1423 2523 unu
1440 2471 1494 2541 ipsa
1513 2472 1591 2523 etiam
1612 2473 1721 2527 Rhodus

103 2550 210 2602 nonnisi
230 2544 311 2603 u'nam
331 2550 465 2620 Calydueu
484 2562 622 2603 recenset:
642 2550 752 2621 Calidae
765 2568 824 2603 cum
845 2549 893 2601 tri·
936 2553 1000 2604 urbs
1023 2563 1257 2615 commemoretur;
1285 2550 1366 2604 modo
1386 2568 1420 2602 ue
1439 2548 1507 2603 illata
1525 2550 1574 2603 hac
1598 2553 1721 2607 emenda-

103 2629 151 2681 bns
170 2628 289 2700 oppidis,
313 2629 410 2692 Notio,
432 2630 597 2699 Nisyro(?),
612 2630 766 2683 Mendetem.
787 2632 823 2682 Ar
841 2639 893 2680 tres
936 2634 1009 2683 tione
1031 2650 1080 2703 pru
1102 2642 1257 2701 argumento
1281 2632 1362 2683 utaris
1387 2630 1483 2699 scripta
1506 2628 1562 2681 huc
1583 2648 1638 2683 csse
1661 2645 1721 2687 ante

104 2708 157 2760 istae
177 2708 259 2760 urbas
278 2709 383 2760 nonnisi
404 2712 432 2759 in
460 2708 614 2779 Calymnam
640 2709 751 2771 insulam
777 2707 891 2771 cadunt,
935 2728 1036 2763 annum
1057 2714 1125 2775 408,
1148 2728 1202 2783 quo
1222 2709 1329 2763 condita
1344 2706 1454 2763 Rhodus
1467 2718 1515 2761 est.
1536 2711 1623 2762 Immo
1635 2714 1721 2777 ruultq

103 2805 186 2857 quum
200 2797 296 2857 praeter
306 2788 375 2839 hauc
384 2788 455 2840 nulla
467 2786 503 2839 ibi
516 2789 549 2840 sit
571 2787 655 2857 major
667 2788 771 2852 insula,
788 2788 822 2839 de
840 2804 892 2857 qua
936 2791 1097 2862 probabilius
1114 2802 1153 2844 est
1174 2791 1268 2844 luctam
1282 2808 1337 2842 esse
1351 2788 1439 2843 Rhodi
1459 2788 1532 2841 urbis
1548 2791 1718 2846 mentionem.

104 2866 153 2919 tale
169 2866 236 2938 quid
256 2865 392 2938 praedicari
410 2866 582 2940 probabiliter
601 2868 693 2938 possit.
713 2866 815 2921 Eodem
831 2866 893 2920 sarit
934 2870 1002 2923 Nam
1019 2889 1052 2923 ne
1064 2869 1150 2923 dicam
1164 2869 1276 2942 reliquas
1287 2868 1381 2940 Peripli
1392 2877 1479 2940 partus
1490 2866 1554 2920 illud
1567 2879 1669 2942 tempus
1681 2881 1725 2926 ar·'

104 2946 175 3015 quod
189 2945 263 3017 apud
281 2947 395 3000 Plinium
415 2947 466 2999 mel
486 2946 626 3016 city-dues,
642 2946 712 3018 apud
735 2947 891 3000 Strabonem
935 2967 1025 3018 gnere,
1037 2969 1091 3022 qno
1104 2949 1213 3004 Rhodus
1225 2949 1288 3002 urbs
1298 2947 1446 3010 exsistebat,
1457 2946 1521 2999 illud
1532 2948 1617 3018 ipsum
1629 2949 1721 3020 ἀρχαία

104 3025 319 3096 stephanumque
343 3026 396 3078 mel
423 3026 584 3095 Colymnium
609 3025 776 3097 predicatur.
802 3027 839 3077 Ut
858 3025 892 3078 ad
935 3028 1110 3094 vocabulum,
1132 3047 1186 3098 quo
1203 3029 1264 3081 alias
1285 3040 1415 3098 nusquam
1435 3037 1528 3080 auctor
1547 3029 1640 3091 utitur,
1660 3034 1720 3083 satis

103 3103 234 3173 Scylacem
257 3115 383 3169 reverur,
406 3105 560 3158 Clausenius
582 3123 632 3175 pro
653 3105 771 3175 Κόλυμνα
788 3105 893 3174 scripsit
935 3106 1034 3160 indicat
1043 3109 1141 3179 opponi
1153 3117 1265 3160 veterem
1276 3106 1391 3177 tripolim
1399 3105 1457 3158 urbi
1467 3107 1574 3159 recenti.
1587 3107 1721 3162 Fabricius

105 3182 233 3260 Κάλννὸαθ·
249 3181 329 3253 idque
344 3185 465 3254 repetivit
479 3184 624 3248 Fabricius,
639 3183 892 3254 probavitForbige-
935 3184 1027 3238 dedit:
1042 3191 1115 3252 νῆσος
1132 3186 1173 3238 καί
1193 3186 1275 3248 πόλις·
1291 3184 1383 3254 ἀρχαία
1401 3184 1524 3254 τρίπολις,
1544 3185 1585 3236 να]
1604 3186 1628 3238 ἐν
1647 3187 1718 3260 αὐτῇ.

104 3278 147 3312 rus
160 3265 197 3324 11,
210 3279 238 3332 p.
252 3263 314 3316 23⁸.
331 3266 366 3316 m
377 3262 500 3334 (lalyndae
514 3264 604 3316 iusulae
617 3281 697 3315 nemo
707 3280 825 3333 uuquam
839 3281 894 3314 mc·
935 3265 1087 3318 Clausenins
1098 3266 1260 3335 suspicatur:
1271 3264 1380 3333 τρίπολις
1393 3263 1436 3333 [οὗ
1448 3264 1525 3333 πάνυ]
1537 3262 1628 3333 ἀρχαία
1639 3266 1718 3332 πόλις,

105 3342 188 3394 minit.
206 3341 296 3394 Fluxit
307 3341 371 3394 illud
383 3361 415 3394 ex
427 3343 600 3396 hariolatione
611 3343 721 3396 Berkelii
736 3340 770 3395 ad
782 3342 891 3412 Stepbu·
935 3344 1035 3398 addens
1045 3347 1076 3396 iis
1090 3346 1193 3398 nonnisi
1207 3343 1330 3396 Rhodum
1340 3343 1432 3396 urbem
1443 3341 1551 3394 indicari
1562 3381 1569 3407 ,
1581 3345 1626 3414 qni
1638 3347 1719 3417 tripo-

103 3439 166 3473 uum
180 3441 203 3473 s.
219 3441 244 3472 ν.
262 3421 384 3473 Κάλονδα.
399 3423 504 3474 Etenim
514 3440 598 3492 quum
607 3422 724 3492 Calynda
735 3421 799 3474 urbs
809 3423 892 3474 eartae
935 3422 966 3475 lis
980 3424 1023 3487 sit,
1036 3424 1091 3476 sive
1104 3441 1120 3475 e
1134 3423 1217 3474 tribus
1230 3423 1378 3475 civitatibus
1390 3431 1533 3475 convocata
1550 3423 1648 3475 civitas.
1662 3428 1674 3490 1]
1685 3457 1721 3467 -

105 3501 295 3554 mediterranea
304 3503 330 3554 iu
340 3502 476 3555 Strabonis
484 3502 763 3573 codicibnsperperam
774 3500 892 3571 Κάλυμνα
936 3503 1103 3572 Κάμειρος]
1119 3501 1233 3572 Κόμαρος
1255 3500 1314 3554 cod.
1328 3505 1386 3569 ]]-
1405 3500 1562 3570 Κάλνεια]
1583 3502 1620 3554 sic
1641 3505 1719 3557 etiam

103 3583 199 3651 scripta
210 3582 259 3645 sit,
275 3579 398 3650 idqueex
415 3581 522 3652 reliquis
534 3581 686 3634 auctoribus
706 3579 891 3649 corrigendum
935 3581 1029 3634 Strabo
1041 3583 1082 3644 X,
1097 3599 1125 3651 p.
1148 3585 1210 3643 488.
1224 3583 1299 3646 xlv,
1317 3598 1345 3651 p.
1360 3579 1421 3633 655.
1436 3579 1477 3632 Cl.
1498 3579 1568 3632 Mela
1579 3581 1620 3644 ll,
1633 3599 1659 3650 7,
1676 3600 1718 3636 ιι.

104 3660 464 3727 esaeBertrettusmonutssen
476 3661 545 3714 idem
555 3662 656 3715 Βσπίισί.
670 3661 785 3715 tutante
794 3680 891 3715 nomen
935 3661 1026 3732 Steph.
1047 3679 1069 3712 s.
1091 3679 1128 3726 ν.;
1142 3659 1227 3725 Καλνὴ
1246 3677 1289 3732 ap.
1302 3659 1423 3731 Thucyd.
1437 3661 1519 3723 Vlll,
1541 3664 1584 3722 41.
1601 3663 1644 3722 44.
1668 3663 1717 3726 55;

104 3740 174 3810 apud
195 3741 329 3811 Scylacem
353 3743 445 3812 reponi
463 3739 550 3810 jussit.
571 3743 634 3809 Quo
657 3740 722 3812 qnid
736 3741 789 3794 dici
806 3744 893 3812 potuit
934 3739 1003 3792 Pliu.
1017 3741 1065 3804 IV,
1079 3741 1170 3803 23.V,
1185 3740 1228 3792 36.
1243 3741 1321 3792 Nunc
1340 3738 1439 3792 chatti.
1453 3738 1639 3810 ΙΙ-Κάοος]
1661 3743 1719 3812 κρά-

105 3820 274 3874 oscitanum!
286 3825 299 3888 ]]
309 3851 345 3861 -
354 3820 540 3892 Καρόανδα]
554 3820 691 3890 Καρόηνὸα,
702 3819 890 3888 όείειιιίίίεοση
935 3837 977 3878 σος
988 3817 1088 3882 codex,
1102 3835 1154 3871 em.
1166 3817 1315 3870 Salmasius.
1329 3819 1364 3869 V.
1375 3816 1468 3872 Strabo
1480 3819 1516 3882 X,
1527 3835 1555 3888 p.
1577 3821 1638 3886 498.
1650 3821 1718 3873 Plin.

105 3909 129 3950 et
148 3901 326 3971 suprascripta
342 3900 380 3953 lit.
397 3919 428 3964 α,
444 3898 528 3952 codex
547 3901 693 3964 Parisinus,
710 3901 815 3969 Κρόινδα
828 3901 889 3953 οοό.
934 3901 984 3962 IV,
998 3899 1046 3962 ο3ς
1059 3896 1169 3952 Diodor.
1183 3900 1219 3963 V,
1233 3899 1276 3961 54.
1287 3897 1377 3968 Stcph.
1391 3899 1421 3949 Β.
1439 3915 1460 3949 s.
1475 3915 1500 3948 ν.
1518 3899 1596 3950 Nunc
1607 3901 1686 3951 hino.
1701 3904 1711 3969 ]]

105 3978 246 4042 Vatican.;
266 3997 318 4031 eur.
344 3981 422 4030 Voss.
447 3978 523 4031 Ordo
540 3978 659 4030 locorum
679 3979 808 4031 urbatus.
828 3982 892 4032 Esse
935 3978 1098 4049 Τρίπολις]
1111 3977 1205 4031 Strabo
1219 3979 1258 4042 X,
1272 3995 1300 4048 p.
1315 3980 1366 4045 489
1380 3975 1414 4028 do
1431 3977 1563 4048 Carpatho
1577 3994 1583 4029 :
1596 3978 1719 4047 Τετράπο·

105 4055 219 4111 dcbebat
228 4059 326 4111 series:
341 4058 487 4128 Caryanda,
500 4057 636 4128 Calymne,
648 4059 714 4122 Cos,
727 4058 891 4111 Halicarnas·
935 4057 973 4119 λις
988 4059 1010 4109 δ’
1022 4056 1138 4126 όπῆρξεν,
1157 4057 1199 4108 καὶ
1212 4057 1292 4126 ὄνομα
1306 4053 1375 4125 εἶχεν
1390 4054 1554 4125 ἀξιόλογον...
1572 4055 1616 4125 μία
1628 4056 1654 4108 δὲ
1671 4062 1720 4108 τῶν

105 4133 336 4205 suan—(litor
356 4138 470 4208 Κᾶρες]
490 4155 527 4189 sc.
542 4136 745 4207 Caryandenses.
762 4137 802 4191 Cl.
823 4137 892 4191 luha
935 4137 1032 4190 πόλεων
1055 4136 1168 4189 ἐκαλεῖτο
1193 4135 1311 4206 Νίσυρος,
1339 4135 1468 4205 όμσνόμως
1490 4137 1521 4205 τῇ
1539 4139 1587 4188 τῶν
1608 4135 1720 4205 Νισόρων

106 4217 183 4270 verba
200 4233 208 4268 τ
224 4215 317 4287 Καριαὴ
329 4217 409 4279 πόλις.
421 4221 481 4284 ΙΙ-
492 4217 542 4268 καὶ
565 4219 657 4281 νῆσος
679 4215 831 4288 Νίσνρσς]
850 4235 892 4269 σι·
935 4217 1012 4288 νήσῳ.
1029 4216 1117 4270 λίνοιο
1133 4215 1196 4268 urbs
1214 4226 1268 4268 erat
1292 4214 1462 4267 Posidonium
1485 4223 1549 4265 teste
1565 4213 1716 4266 Ptolemaeo.

105 4296 177 4361 νηοὸς
197 4294 229 4361 δὴ
253 4290 321 4366 tipo<
341 4296 434 4349 codex.
454 4295 525 4365 Σόμη
540 4299 614 4361 νῆσος
632 4295 673 4347 καὶ
695 4295 798 4366 Νίσυρος
819 4297 889 4366 conj.
946 4302 1005 4365 ]]-
1020 4297 1196 4367 Κρυασσόν]
1212 4296 1250 4347 sic
1263 4297 1353 4365 scripsi
1368 4313 1416 4366 pro
1431 4295 1536 4364 Κράοον,
1553 4292 1624 4362 quod
1637 4293 1720 4345 codex

104 4373 224 4438 Vossius,
238 4375 321 4439 bene,
334 4377 356 4428 sl
369 4377 456 4428 literas
470 4376 591 4439 rimeris,
605 4374 673 4427 male
683 4373 771 4443 quoad
786 4391 892 4443 geogra-
934 4375 1042 4446 praebet.
1056 4375 1144 4443 Vulgo
1157 4374 1252 4442 legitur
1265 4373 1370 4444 Κράγον.
1389 4377 1424 4426 ht
1445 4375 1553 4438 Crnpuem
1571 4382 1721 4441 promonto-

104 4453 205 4522 phiam.
218 4457 231 4521 ll
240 4483 278 4494 —
290 4453 393 4525 ἱερὸν]
406 4454 476 4507 ludis
488 4453 679 4523 lestisqnequae
687 4454 802 4524 Apollini
815 4456 892 4507 Trio-
935 4451 1004 4506 rium
1018 4453 1056 4524 (i.
1071 4471 1095 4504 e.
1111 4453 1187 4522 Gragi
1207 4453 1304 4504 montis
1318 4452 1467 4504 extremitas
1481 4450 1508 4500 in
1527 4465 1599 4500 marc
1611 4465 1720 4518 procur-

103 4533 147 4602 pio
163 4532 375 4599 celebrabantur,
390 4544 420 4586 ut
431 4543 543 4586 constat.
556 4537 568 4600 Ι]
578 4531 637 4598 -h
653 4532 683 4585 ίν
696 4537 733 4605 τῇ
747 4532 805 4598 ries
814 4535 822 4585 ί
828 4536 890 4606 ρῳ]
934 4550 994 4585 reus
1005 4533 1027 4605 ),
1040 4531 1111 4602 quod
1127 4551 1158 4585 co
1168 4533 1275 4585 nomine
1288 4530 1353 4582 dicit
1365 4529 1463 4582 Plinius
1475 4529 1510 4591 V,
1524 4530 1568 4590 all,
1581 4526 1720 4580 Stadiasnri

104 4611 182 4665 astte
197 4616 230 4683 τῇ
246 4611 273 4678 ἡ.
288 4612 382 4666 codex.
397 4615 457 4666 lloc
469 4613 491 4665 si
503 4613 647 4682 genuinum
669 4623 722 4676 est,
746 4613 837 4666 scribae
850 4631 893 4665 ar·
935 4630 997 4664 vero
1015 4614 1133 4678 unctor§
1153 4609 1267 4679 asophi
1282 4609 1348 4681 ἱερὰν
1367 4609 1441 4678 ἄκραν
1456 4605 1618 4676 (etiamnum
1637 4607 1720 4660 Hirin

104 4693 160 4758 guit
179 4703 330 4763 stuporem,
354 4694 400 4763 qui
423 4692 501 4745 verba
519 4689 622 4743 Ῥοδίων
642 4694 713 4761 χώρα
726 4690 760 4743 ad
780 4692 891 4744 insulam
935 4692 974 4744 vel
987 4691 1124 4745 Mnerivcl
1143 4691 1211 4760 Estn
1222 4690 1309 4762 h'uni)
1324 4697 1407 4750 vocat,
1427 4703 1509 4756 quum
1524 4687 1592 4738 inter
1609 4686 1719 4738 Telmis-

104 4781 222 4839 spectare
244 4773 361 4841 putarit,
378 4789 461 4843 quum
484 4769 518 4823 de
537 4770 702 4822 Rhodiorum
722 4771 808 4839 περαίᾳ
822 4769 893 4823 dicta
934 4789 992 4824 sum
1005 4781 1031 4824 ct
1043 4773 1134 4824 Patara
1146 4773 1224 4824 situm
1238 4771 1288 4834 sit,
1302 4777 1418 4821 anostro
1434 4767 1491 4818 loco
1503 4765 1636 4818 ahhorrct.
1653 4765 1720 4818 Dedi

105 4850 164 4901 sint.
177 4853 191 4917 Ι]
201 4879 239 4891 -
248 4849 309 4920 Καρ
318 4848 367 4916 ιι]
381 4850 488 4920 πόλις]
503 4849 545 4902 Cl.
560 4848 689 4902 llorodot.
701 4851 723 4911 l,
742 4865 810 4917 172:
823 4849 893 4903 Οίδὲ
935 4849 1061 4919 Κρυαοσόν
1087 4849 1180 4901 collato
1202 4848 1355 4918 Stephano:
1378 4846 1518 4916 Κρυασσός,
1533 4844 1603 4905 πόλις
1620 4844 1717 4912 Καρίας.

107 4926 205 4981 Κπόνιοι
216 4928 381 4999 αὖτόρίονες,
396 4931 493 4982 δονεεῖν
512 4928 585 4999 ἐμοὶ,
604 4927 660 4982 elul.
676 4927 750 4979 Αὐτοὶ
768 4930 851 4997 μέντοι
866 4929 892 4982 ἔν
935 4929 1068 4982 Plutarch.
1089 4928 1182 4980 hloral.
1198 4945 1224 4998 p.
1246 4931 1297 4990 246
1308 4967 1315 4991 ,
1327 4929 1353 4978 D
1367 4942 1373 4977 :
1387 4931 1435 4978 rins
1450 4925 1535 4995 Καρῶν
1550 4924 1573 4976 οἱ
1593 4923 1719 4993 Κρύασσαν

107 5005 200 5075 Κρήτης
209 5009 270 5078 pusi
283 5005 356 5061 εἶναι·
369 5008 590 5079 προσκεχωρήκασι
604 5008 630 5061 δὲ
644 5007 761 5078 γλῶσοαν
776 5006 820 5077 μὲν
834 5008 893 5078 πρὸς
937 5011 948 5075 (
956 5010 992 5060 sic
1002 5009 1011 5081 )
1022 5007 1153 5068 οἰκοῦντες.
1162 5005 1277 5076 Polyoen.
1288 5007 1363 5069 Vlll,
1375 5008 1407 5068 64
1419 5004 1461 5057 :sl
1474 5004 1613 5074 Κρυασσεῖς.
1626 5001 1719 5056 Boehh.

106 5086 134 5135 rb
146 5084 253 5155 Καρινόν
268 5086 338 5148 ἔθνος
355 5087 410 5140 κτλ.
426 5088 521 5142 Strabo
539 5089 615 5150 ΚΝ,
627 5105 655 5158 p.
671 5085 732 5139 osa.
745 5090 805 5154 ΙΙ-
821 5084 891 5139 Ῥό-
935 5089 967 5140 C.
979 5089 1001 5140 l.
1012 5090 1053 5152 ll,
1068 5105 1095 5158 p.
1110 5087 1172 5156 397.
1188 5085 1253 5139 Aliis
1273 5085 1336 5138 urbs
1350 5095 1459 5137 vocatur·
1473 5083 1537 5152 Κρύα
1553 5082 1612 5151 (De
1623 5081 1720 5134 Carinis

106 5163 176 5235 δος]
192 5169 261 5233 Quae
275 5166 302 5218 in
323 5165 398 5220 editt.
412 5168 552 5238 praeligitur
567 5167 702 5237 inscriptio
721 5164 761 5217 rel
778 5166 888 5219 titulus:
935 5166 1042 5219 urbium
1055 5164 1207 5218 nominibus
1221 5164 1249 5215 in
1264 5181 1336 5225 ασσος
1345 5163 1420 5234 juxta
1431 5163 1493 5215 alias
1503 5160 1609 5222 lomrras,
1625 5175 1649 5210 ν.
1663 5161 1720 5210 Μο-

111 5239 231 5311 'tutum
244 5263 258 5298 a
272 5244 364 5299 codice
377 5247 457 5300 alxst.
471 5251 484 5315 ]]
494 5250 633 5312 -νῆοος
647 5244 699 5298 καί
715 5245 823 5306 πόλις·
841 5246 891 5298 καί
937 5248 1038 5312 rcrsll,
1053 5248 1137 5318 pao)
1147 5265 1154 5311 ;
1166 5263 1190 5297 ν.
1202 5243 1271 5298 lllcln
1283 5246 1304 5310 l,
1321 5249 1350 5296 rtl
1359 5265 1365 5310 ς
1380 5243 1444 5296 Plin.
1457 5243 1491 5306 V,
1502 5241 1536 5293 at
1544 5258 1552 5306 ς
1568 5238 1720 5292 Ptolemaeus
