3775 5750
227 340 283 383 tn
817 314 821 323 ·
889 308 1192 371 raotcnonnnn.

227 454 322 532 phicis
336 448 454 509 nostris.
471 446 659 506 Poeticcrurn
674 443 791 521 quidem
807 444 904 500 vincta
915 442 1012 499 oratio
1050 441 1125 499 male
1149 439 1231 499 lectis
1254 440 1452 517 antiquiorum
1476 438 1619 499 librorum
1643 438 1837 517 majusculis,

228 546 381 607 conatibus
411 562 513 601 eorum
535 539 703 611 resistebat;
727 540 759 595 in
778 538 903 597 solutam
931 550 1011 595 tanto
1051 536 1245 593 recentiorum
1257 536 1429 593 minusculis
1441 535 1535 593 literis
1547 549 1639 605 ortos,
1650 554 1791 595 enarrare
1803 536 1838 595 ad

227 641 380 722 impunius
411 637 607 717 amputando,
634 633 847 703 contrahendo,
871 630 1011 691 mutando
1051 650 1111 688 rern
1124 649 1225 707 parum
1237 632 1375 709 pertinet.
1388 629 1468 688 Nihil
1479 630 1600 689 enimin
1613 630 1659 689 his
1670 645 1772 689 noster
1788 652 1839 688 co·

220 737 335 796 ‘licebat
348 734 463 794 sevire.
483 732 533 791 Sic
545 730 686 790 Marciani
709 728 805 787 libros
823 740 1009 787 truncarunt.
1049 725 1106 783 dex
1126 725 1213 783 habet
1224 726 1386 804 peculiare,
1406 724 1456 784 sed
1466 724 1566 783 eadem
1581 739 1648 784 sunt
1660 726 1838 806 sphalmata,

228 834 374 893 Prooemia
387 850 456 894 sane
471 843 556 905 atque
572 826 618 893 τὰς
630 825 693 893 ὅλας
708 828 760 883 τῶν
771 826 867 904 χωρῶν
880 846 1011 905 ποριγρα-
1050 839 1115 896 quae
1129 820 1161 877 in
1185 820 1291 897 quovis
1311 818 1423 899 pejoris
1438 832 1513 878 notae
1534 817 1613 877 libro
1634 821 1839 899 manuscripto

227 927 292 1008 pha,
304 926 413 1005 quibus
433 924 556 984 strictim
575 934 718 980 terrarum
740 920 814 977 situs
834 919 1010 993 delineatur,
1051 914 1308 993 deprehendimus.

228 1024 336 1080 intacta
360 1022 525 1098 liquerunt,
549 1016 742 1074 accuratiores
763 1027 859 1071 autem
879 1014 1011 1074 locorum
1092 1009 1138 1067 23.
1151 1008 1269 1067 Primus
1282 1020 1374 1066 totum
1398 1007 1508 1067 librum
1527 1010 1583 1076 443
1599 1011 1728 1069 excussit
1751 1010 1840 1068 Ema-

228 1116 439 1194 descriptiones
461 1111 724 1187 distantiarumque
742 1126 881 1166 numeros
898 1108 962 1167 sive
978 1108 1012 1166 τὰ
1051 1104 1154 1162 nuelus
1167 1102 1263 1161 Miller
1277 1101 1321 1180 (ll.
1335 1106 1447 1180 Ρέήρὶο
1458 1106 1495 1161 de
1508 1106 1638 1161 Marcien
1653 1106 1834 1175 rl'Heracle'a

228 1212 298 1271 ,mg
318 1210 410 1291 μέρος,
424 1229 489 1286 qum
512 1227 575 1286 ptae
589 1206 694 1264 cereris
708 1218 823 1263 servata
837 1204 928 1277 velis,
947 1218 1013 1262 tan.
1050 1202 1170 1273 e'pr'tome
1184 1201 1397 1265 d'Artemidore,
1418 1200 1572 1255 Isidorede
1587 1200 1718 1273 Charax,
1734 1215 1790 1258 etc.
1807 1224 1840 1258 on

227 1327 313 1383 quam
323 1305 425 1384 putida
442 1317 471 1361 et
488 1300 606 1361 inutilia
617 1300 820 1378 utplurimum
832 1298 1012 1376 abjecerunt.
1050 1294 1233 1369 Supplement
1249 1314 1309 1349 aaa
1320 1292 1461 1349 demic’res
1477 1295 1595 1351 editions
1607 1297 1657 1351 des
1665 1302 1752 1371 petits
1772 1302 1840 1372 ρέο-

227 1402 369 1461 Similiter
386 1401 418 1457 in
438 1397 544 1456 lsidori
565 1395 697 1454 stathmis
719 1395 772 1453 vix
793 1413 860 1451 ossa
880 1396 1014 1471 corporis
1049 1388 1181 1462 grapdt’s,
1201 1387 1317 1463 d'aprds
1336 1407 1373 1443 lm
1389 1395 1542 1445 manuscrit
1550 1410 1617 1465 ἷκε
1633 1392 1670 1445 de
1685 1393 1715 1445 la
1732 1394 1841 1449 biblio-

227 1506 443 1555 conoesserunt.
455 1490 490 1549 ln
501 1477 653 1569 Excerptis
670 1508 707 1548 ex
719 1488 856 1547 hthenaeo
868 1489 915 1547 vel
929 1488 1014 1545 Athe-
1051 1484 1152 1558 ideque
1163 1486 1271 1557 νυγαὶε,
1282 1484 1382 1557 porE.
1395 1482 1503 1543 Miller.
1516 1485 1599 1541 Paris
1611 1480 1712 1563 1839).
1725 1486 1841 1544 Deinde

227 1592 328 1651 niense
356 1607 504 1665 anonymo
535 1586 696 1644 orationem
728 1595 786 1641 tarn
815 1583 1012 1661 perturbatam
1050 1577 1087 1635 de
1108 1579 1222 1636 ratione
1236 1578 1347 1636 codicis
1362 1579 1458 1657 denuo
1475 1593 1651 1638 monuerunt
1669 1578 1795 1640 llaasius
1810 1584 1840 1641 in

227 1686 395 1754 olfecerunt,
408 1694 441 1741 ut
452 1682 488 1739 de
498 1679 686 1741 restauranda
700 1679 898 1757 desperemus.
914 1678 1012 1755 Scyla·
1050 1676 1130 1731 Hall·
1147 1676 1204 1729 Lit.
1222 1676 1313 1748 Zeitg.
1341 1674 1415 1749 1839
1430 1693 1461 1733 n.
1490 1676 1543 1731 103
1560 1688 1589 1733 et
1611 1674 1793 1735 [strenuius
1810 1679 1840 1735 in

203 1835 206 1839 Δ
227 1781 270 1839 cis
291 1778 424 1858 periplns
436 1796 527 1855 quum
553 1775 768 1835 florentissimis
786 1773 881 1831 literis
903 1774 1013 1833 Graecis
1052 1774 1402 1845 Fragments-despumet
1413 1772 1638 1848 geographiqoes
1649 1776 1685 1830 de
1701 1776 1841 1847 Scynrnns

227 1875 356 1952 scriptus
370 1873 424 1946 sit,
453 1892 531 1929 nunc
550 1869 698 1948 aplehejo
715 1869 840 1947 quodam
855 1881 884 1926 et
901 1881 1012 1927 tantum
1050 1866 1209 1922 deCln'oet
1226 1868 1360 1922 durana
1371 1870 1839 1945 Diceorquerestimesprincipale-

227 1989 287 2029 non
306 1968 433 2026 barbaro
453 1965 602 2045 profectus
616 1984 680 2024 esse
704 1964 838 2036 ridetur3
858 1962 943 2040 cujus
968 1965 1011 2023 rei
1051 1961 1252 2035 mentd’aprds
1267 1980 1304 2016 tm
1315 1982 1366 2021 ms.
1383 1965 1419 2019 de
1435 1964 1548 2021 laBt'bl.
1564 1967 1736 2037 royole,etc.
1753 1970 1841 2023 Poris

227 2064 341 2142 culpam
352 2082 392 2121 ex
405 2075 489 2140 parte
508 2062 608 2119 saltem
621 2060 654 2117 in
672 2072 859 2137 excerptores
871 2058 943 2116 istos
959 2078 1011 2117 re-
1056 2058 1142 2126 1840.
1171 2055 1223 2115 llis
1253 2057 1420 2115 innituntur
1444 2057 1663 2119 dissertationes
1684 2060 1714 2120 S.
1735 2061 1767 2121 F.
1793 2063 1839 2122 W.

228 2160 306 2229 lero,
323 2158 374 2234 qui
389 2156 446 2235 ipsi
456 2154 517 2233 jam
541 2155 617 2213 male
634 2154 768 2213 allectum
783 2152 1011 2228 magistellorum
1052 2150 1221 2209 llollmanni
1244 2152 1275 2209 in
1290 2152 1369 2210 libro
1388 2152 1436 2211 cui
1451 2153 1552 2213 titulus
1569 2174 1578 2214 ι
1596 2158 1652 2212 Dr'e
1670 2160 1748 2213 alten
1765 2160 1840 2214 Geo-

226 2250 371 2307 industria
389 2248 522 2306 libellum
543 2247 716 2325 acceperint.
741 2246 793 2304 llis
810 2245 938 2323 denique
957 2248 1012 2306 mi·
1050 2248 1191 2322 graphan.
1204 2250 1299 2303 Erstes
1313 2246 1393 2318 Hest.
1409 2252 1505 2323 Iaer'ps.
1524 2249 1656 2321 18ir,et
1664 2250 1698 2310 li.
1708 2249 1840 2309 Fabricii

226 2346 312 2404 seriis
339 2343 487 2402 cumulum
520 2342 695 2400 addiderunt
715 2341 832 2399 ‘scribae
859 2342 1009 2415 codicum,
1054 2344 1202 2400 Ueberdie
1227 2342 1448 2415 Handsehristen
1459 2346 1510 2400 der
1524 2345 1635 2402 lletnen
1651 2364 1698 2419 gr.
1714 2348 1841 2421 Geogro·

226 2441 278 2517 qui
299 2458 388 2517 quum
403 2438 462 2496 alia
482 2450 544 2495 tum
562 2436 689 2495 maxime
703 2436 822 2493 nomina
840 2438 962 2515 propria
981 2451 1011 2496 et
1031 2433 1036 2439 ’
1046 2438 1137 2513 pltea.
1154 2441 1280 2495 Drasdea
1299 2438 1504 2505 1845..Totum
1524 2440 1654 2499 codicem
1672 2440 1771 2501 denuo
1789 2462 1841 2500 nec

226 2554 414 2595 numerorum
429 2549 514 2593 notas
532 2535 604 2592 adeo
622 2533 835 2611 depravarunt,
851 2535 947 2592 utrix
959 2554 1013 2592 no·
1050 2532 1161 2610 absque
1181 2534 1277 2592 fructu
1293 2534 1415 2596 contuli.
1432 2533 1562 2593 Vaticani
1578 2535 1738 2614 apographi
1758 2537 1840 2615 quod

225 2631 319 2688 verim
350 2628 460 2688 librum
491 2626 626 2684 Parisino
655 2623 756 2683 codiee
780 2625 1006 2703 corruptiorem.
1051 2624 1344 2709 llomaecomparavi‚
1360 2628 1498 2688 lectiones
1511 2649 1564 2687 cur
1580 2631 1728 2689 rarissime
1742 2632 1775 2690 in
1791 2652 1840 2689 an-

227 2724 348 2782 Errores
364 2741 483 2793 eorum,
500 2721 640 2799 majorem
653 2732 764 2799 partem
778 2739 795 2777 e
809 2719 939 2778 confusis
961 2722 1007 2779 vel
1050 2726 1199 2785 notatione
1212 2725 1412 2805 apposuerim,
1428 2736 1530 2803 sponte
1545 2726 1731 2803 intelligitur.

845 2856 928 2908 codex
943 2857 1148 2924 heidelbergensis
1162 2868 1216 2914 398.

267 2972 317 3032 nt..
328 2961 426 3022 Codex
435 2964 467 3021 in
481 2961 665 3040 Geogmphis
675 2961 833 3021 secundum
844 2983 861 3021 a
872 2964 1009 3025 Parisino
1054 2967 1273 3030 humanissimis
1286 2968 1473 3031 bibliothece
1488 2971 1741 3050 lleidelbergensis
1755 2993 1840 3052 pre·

228 3063 284 3128 443
305 3061 401 3119 locum
418 3058 554 3118 obtinens
574 3060 766 3135 omniumque
786 3059 1009 3136 antiquissimus
1055 3064 1150 3138 sectis,
1174 3067 1226 3144 qui
1241 3068 1414 3144 rogantibus
1435 3067 1524 3128 nobis
1545 3081 1578 3126 ut
1592 3068 1722 3128 Parisios
1746 3073 1838 3130 codex

225 3169 270 3213 est
283 3155 432 3213 Palatinus
453 3155 515 3213 sire
535 3153 804 3228 heidelbergensis,
818 3155 869 3230 qui
883 3155 955 3213 olim
978 3156 1010 3214 in
1054 3162 1210 3232 reviseret,
1234 3164 1440 3240 permiserunt.
1466 3163 1566 3222 Serius
1590 3176 1685 3222 tamen
1706 3163 1838 3238 advenit,

225 3248 408 3323 Vaticanum,
422 3247 501 3324 hinc,
513 3248 676 3325 imperante
689 3247 864 3326 Napoleone,
878 3248 1010 3308 Parisios
1054 3274 1143 3332 quum
1156 3257 1285 3334 plurima
1291 3257 1352 3335 jam
1362 3269 1446 3316 erant
1458 3261 1535 3336 typis
1544 3277 1690 3333 expressa.
1702 3258 1838 3320 Ceterum

220 3344 372 3420 migravit,
386 3343 502 3402 tandem
516 3363 587 3403 vero
597 3345 633 3402 ad
644 3344 719 3402 lares
731 3342 829 3403 rediit.
845 3343 896 3402 Est
905 3363 1008 3422 perga·
1054 3352 1144 3409 series
1158 3352 1366 3427 opusculorum
1382 3353 1413 3410 in
1426 3353 1526 3412 codice
1539 3352 1598 3411 hacc
1608 3364 1652 3411 est
1667 3375 1674 3410 :

225 3455 365 3513 menteus,
379 3441 478 3499 lormae
492 3441 640 3518 quadratas
655 3429 1008 3516 maximat,saeculi'deci-
1098 3466 1122 3504 ι.
1135 3445 1207 3504 Pars
1216 3447 1364 3525 posterior
1375 3447 1484 3525 peripli
1503 3447 1590 3505 Ponti
1612 3446 1736 3525 Euxini,
1753 3452 1838 3527 cujus

224 3539 438 3615 mi,scripturae
445 3536 1008 3616 quaedrataeelegantiaceleber.hdmar-
1053 3539 1249 3617 primarerba
1262 3563 1269 3602 :
1281 3547 1348 3616 αμοῦ
1363 3563 1392 3598 τε
1398 3541 1497 3614 πάθος,
1512 3555 1658 3619 postrema
1675 3543 1738 3618 (hd
1753 3550 1836 3622 mol:

225 3633 321 3705 ginetn
343 3633 452 3709 passim
474 3632 589 3710 appicta
610 3629 777 3689 uncialibus
799 3631 895 3688 literis
915 3650 1009 3709 pauca
1053 3631 1110 3690 ἔστι
1124 3631 1152 3691 δὲ
1167 3634 1239 3692 καὶὸ
1258 3633 1398 3714 περίπλους
1410 3639 1457 3706 τῆς
1480 3634 1631 3704 Μαιώτιδος
1649 3637 1744 3712 λίμνης
1762 3640 1838 3698 saci.
1879 3703 1880 3708 ς

224 3726 327 3799 verba,
337 3728 385 3785 vel
393 3729 558 3803 argumenti
570 3727 681 3786 indices
687 3729 732 3788 vel
742 3727 865 3785 scholia.
873 3727 1008 3785 Ceteram
1054 3733 1088 3807 ,0,
1103 3728 1161 3804 μιλ,
1178 3727 1241 3805 ,eost
1255 3728 1477 3808 Subscriptione
1489 3743 1581 3803 caret,
1603 3750 1656 3789 nec
1669 3731 1792 3791 aliunde
1804 3735 1838 3792 de
1879 3719 1880 3794 l

224 3823 373 3903 ἅκέραλος;
389 3825 504 3903 priores
523 3824 731 3901 quaterniones
743 3825 875 3901 quinque
896 3823 1007 3897 avulsi3
1053 3823 1172 3880 nomine
1181 3824 1309 3882 auctoris
1325 3837 1447 3882 constat.
1462 3823 1618 3903 Exemplar
1637 3825 1734 3886 serilia
1751 3829 1838 3889 adhi-
1879 3815 1880 3884 l

224 3920 275 3992 qui
300 3939 378 3976 nunc
394 3920 509 3998 primus
524 3932 584 3990 est,
601 3939 754 3978 numerum
769 3918 856 3976 babet
869 3917 904 3984 ς’.
923 3919 1009 3979 llaud
1052 3917 1117 3977 buit
1132 3920 1207 3978 male
1216 3921 1395 3995 castigatum.
1879 3913 1880 4000 l

225 4026 301 4072 recte
320 4014 434 4072 Bestius
457 4013 527 4091 (Ep.
545 4014 612 4072 orit.
629 4035 661 4092 p.
688 4015 703 4070 3
720 4015 768 4072 ed.
787 4012 974 4090 Wiedeburg.
995 4014 1007 4094 )
1094 4034 1123 4072 a.
1139 4013 1277 4091 Sequitur
1290 4015 1339 4074 sol.
1356 4019 1429 4087 7ro'd
1443 4015 1597 4096 [Ἀρριανοῦ
1612 4016 1674 4076 lloc
1686 4038 1753 4078 voc.
1771 4039 1838 4078 era-
1879 4001 1880 4066 l

224 4110 342 4168 nonnisi
355 4110 412 4167 tria
426 4109 498 4168 lolia
508 4109 652 4169 excidisse
664 4109 810 4189 perhibet.
821 4109 950 4168 —llaria
964 4111 1008 4170 in·
1051 4111 1835 4193 sum]aomysrtxoiaeqdlata.'l'umsol.bipsumopus:

222 4220 290 4264 sunt
306 4208 465 4284 opuscula,
481 4227 518 4264 ox
534 4205 642 4283 quibus
661 4206 697 4264 ad
716 4219 847 4266 nostrum
868 4208 1008 4266 volumen
1050 4203 1374 4284 Ἀρριανοῦκυνηγιτικός.
1387 4206 1837 4286 liecentiormanussuprascri-
1879 4229 1880 4248 ι

222 4305 368 4382 pertinent
378 4304 523 4384 primum,
543 4303 677 4382 tertium,
699 4318 846 4381 quartum,
860 4307 1007 4384 quintum,
1051 4301 1110 4378 psit
1130 4325 1137 4359 :
1160 4304 1328 4382 Ξενοφῶντος
1348 4302 1483 4373 Ἀθηναίου
1511 4307 1556 4361 τοῦ
1581 4304 1715 4383 δευτέρους
1734 4304 1835 4364 eadem
1879 4333 1880 4384 ρ

221 4400 579 4482 sivednonymiperiplus
590 4399 677 4458 Ponti
688 4399 795 4460 Errxini
807 4403 938 4479 mutilus,
948 4404 1006 4461 te
1051 4400 1836 4473 manusinlolio7etaliislibellilocishrrianinomen

224 4493 301 4550 riani
323 4494 409 4552 Ponti
429 4494 572 4573 periples,
592 4495 742 4570 Anonymi
760 4515 811 4554 seu
827 4495 1008 4554 Pseudo-Ar·
1049 4497 1235 4574 exstirpavit.
1879 4559 1880 4566 ς

223 4587 299 4644 riani
313 4586 444 4665 periplus
464 4591 553 4648 maris
563 4589 707 4668 Erythraei
718 4603 747 4648 et
759 4589 914 4665 Navigatio
924 4590 1006 4649 llan·
1091 4591 1119 4650 3.
1136 4589 1197 4651 rot.
1214 4592 1253 4648 30
1268 4610 1321 4649 vso
1335 4612 1343 4650 ι
1359 4590 1492 4672 Ἀρριανοῦ
1506 4591 1631 4662 laterali
1643 4589 1707 4670 πρὸς
1727 4592 1836 4670 Τραϊα-

224 4683 320 4742 nonis.
353 4682 486 4741 Primum
512 4705 587 4763 opus
612 4685 768 4762 descripsit
793 4685 964 4759 Salmasius,
990 4706 1007 4745 e
1049 4683 1102 4758 νον,
1117 4688 1143 4744 ἐν
1162 4679 1241 4765 §xri
1257 4686 1398 4768 περίπλους
1416 4693 1461 4747 τοῦ
1484 4687 1606 4756 Εὐξείνου
1626 4687 1731 4746 πόντου.
1751 4687 1837 4746 liedit

223 4776 310 4854 cnjus
336 4777 504 4856 apographo
531 4779 623 4837 edidit
646 4780 783 4853 Vossius3
813 4781 927 4858 reliqua
948 4783 1006 4840 tria
1050 4782 1152 4840 titulus
1167 4783 1203 4840 ad
1218 4783 1325 4840 calcem
1338 4783 1420 4854 libri,
1434 4783 1485 4843 ubi
1505 4782 1603 4843 scriba
1619 4796 1736 4840 monet:
1752 4783 1838 4862 Διώρ·

223 4872 294 4929 satis
310 4884 443 4929 accurate
458 4874 641 4950 transcripsit
660 4875 810 4934 Gelenius.
826 4876 898 4945 Quae
909 4875 946 4934 ab
959 4876 1007 4936 his
1050 4882 1131 4946 θοιςαι
1144 4877 1209 4956 πρὸς
1219 4877 1248 4934 οὗ
1259 4879 1399 4935 σπουδαῖον
1412 4876 1579 4958 ἀντίγραφον.
1595 4877 1779 4954 Quamquam
1790 4878 1837 4935 liic

223 4969 331 5026 ontissa
345 4982 424 5041 sunt,
437 4971 611 5048 supplerunt
624 4972 675 5047 qui
688 4973 792 5031 iterum
804 4972 933 5030 codicem
950 4992 1006 5029 ex-
1050 4972 1168 5030 libellus
1182 4971 1275 5030 multo
1288 4974 1479 5050 minusquam
1495 4971 1666 5031 antecedens
1683 4972 1837 5049 etreliqua

223 5077 386 5134 (fessarum,
403 5064 517 5122 liastius
532 5065 562 5122 in
574 5065 696 5142 Epistol.
710 5069 775 5126 crit.
789 5081 817 5125 et
832 5067 1005 5144 Bernhardy
1049 5071 1149 5126 omnia
1164 5068 1287 5125 laborat.
1879 5133 1880 5142 .

223 5159 252 5214 in
271 5157 398 5216 hnalect.
414 5159 444 5216 in
467 5159 575 5234 lieogr.
601 5161 670 5220 min.
691 5161 749 5219 llos
763 5162 869 5238 gratias
890 5163 1004 5238 agimus
1028 5145 1032 5151 ¹
1091 5171 1118 5228 l..
1134 5161 1193 5219 rot.
1218 5171 1254 5229 4ο
1272 5180 1342 5219 vso:
1359 5159 1491 5239 ’Ἀρριανοῦ
1505 5163 1514 5238 (
1527 5161 1583 5218 ie.
1601 5161 1769 5237 Anonymi)
1792 5183 1836 5218 πι-
