3775 5750
609 276 665 372 'nu
687 309 890 372 uruorruo
911 309 1197 371 uunrcruurtsu.
1596 331 1722 380 cumn

101 457 130 501 et
147 443 270 502 fortasse
290 443 357 501 aliis
371 440 456 500 ailert
478 453 586 500 etcum
606 441 756 500 Ptolemaei
771 460 891 518 geogra·
937 443 1045 518 egerit,
1060 442 1294 520 proficisceretur
1302 453 1330 500 et
1340 435 1563 502 astronomicum
1573 442 1720 506 Ptolemaei
1739 494 1742 502 .

102 540 178 616 pbia
190 541 289 617 inepte
311 538 429 609 miscet,
450 537 569 596 nonnisi
590 538 740 596 rarissima
760 536 891 615 quaedam
937 550 1104 614 computum
1129 537 1165 596 ad
1193 537 1354 596 stadiorum
1382 545 1536 596 numerum
1561 554 1719 600 revocaret.

16 690 17 695 ,
102 632 420 693 occurruutaClaudii
433 631 534 690 verbis
545 631 655 704 aliena,
670 649 708 689 ex
717 632 812 708 iisque
821 651 893 690 non·
936 623 1333 708 El’rotagoradeindeetiam
1344 631 1720 694 baeccorrasitlllarcianus.

101 730 185 788 nulla
197 749 258 786 non
276 741 333 786 tam
353 727 390 786 ad
401 727 474 786 alios
489 727 583 785 fontes
601 745 689 804 quam
701 728 738 786 ad
752 727 891 785 llarciaui
936 727 1068 806 Oppido,
1101 747 1228 805 quorum
1259 730 1369 787 mentio
1396 728 1500 802 fiebat,
1529 731 1627 790 eadem
1643 731 1721 792 lraud

101 825 152 882 rel
178 825 368 890 librariorum
392 825 596 900 negligentiam
628 823 779 882 referenda
811 837 889 883 sunt.
935 824 1026 883 dubie
1037 838 1120 884 erant
1138 845 1203 902 quae
1223 827 1300 905 apud
1318 826 1505 886 Ptolcmaeum
1523 828 1612 887 habes
1637 829 1722 889 Certe

102 920 179 980 Nori
190 941 228 980 ne
239 921 331 979 hilum
343 920 486 999 quideme
500 919 649 977 llarciano
658 919 810 978 discimus.
819 919 890 977 Nam
936 939 1024 996 quam
1041 939 1129 978 unam
1144 940 1180 979 ex
1202 921 1257 978 hoc
1275 922 1385 1000 scripto
1405 923 1544 981 llarciani
1556 915 1719 1002 Stephanus

103 1035 190 1094 quern
212 1015 376 1095 Stephanus
394 1031 431 1073 ex
450 1033 487 1071 eo
503 1014 600 1072 laudat
616 1012 795 1084 Λσδισσνίτην
818 1016 890 1074 Δια·
935 1013 1034 1074 laudat
1048 1016 1174 1074 Amisum
1193 1015 1366 1089 Germanae.
1384 1018 1503 1077 curulem
1519 1018 1605 1078 etinru
1621 1005 1720 1080 Ptole·

103 1113 160 1172 biae
173 1115 272 1172 sinum
288 1117 297 1193 (
312 1135 342 1172 v.
358 1133 388 1191 p.
402 1114 470 1184 528,
483 1110 541 1188 ab)
563 1111 701 1169 sumsisse
713 1109 799 1168 debet
811 1131 828 1168 e
842 1131 890 1168 co·
935 1131 1024 1170 maeus
1047 1111 1158 1190 praebet
1178 1111 1260 1185 Vlll,
1275 1114 1305 1184 6,
1326 1114 1355 1185 3,
1373 1111 1426 1172 ubi
1441 1113 1520 1172 lraec:
1550 1115 1620 1173 Τῶν
1636 1112 1669 1172 dl
1689 1119 1720 1174 lv

103 1210 166 1268 dice
187 1211 363 1288 depravato,
379 1210 409 1267 in
422 1229 482 1287 quo
495 1207 584 1265 litera
597 1207 728 1267 dddlin
741 1208 812 1267 Mdl
826 1225 889 1264 mu·
936 1208 974 1282 τῇ
991 1209 1013 1266 Γ
1021 1205 1164 1286 ερμανίιμ
1185 1205 1358 1284 διασήμων
1384 1208 1510 1266 πόλεων
1530 1207 1621 1283 ἡμὲν
1636 1207 1732 1285 ’Apim

102 1308 299 1366 tandaeeraut.
312 1305 452 1378 Unicum,
464 1305 494 1362 ni
508 1304 605 1376 fallor,
619 1304 751 1362 locorum
767 1323 886 1375 nomen,
935 1299 989 1358 σία
1004 1301 1051 1372 τὴν
1069 1300 1194 1378 μεγίστην
1210 1300 1311 1379 ἡμέραν
1325 1299 1380 1379 ἔχω
1395 1305 1469 1380 ὡρῶν
1493 1301 1528 1368 ις’
1545 1300 1580 1376 α’,
1596 1301 1720 1362 raidid-

102 1401 180 1476 qttod
195 1401 228 1459 iu
250 1400 407 1459 Ptolemaeo
430 1410 531 1456 nostro
553 1416 613 1455 nott
633 1397 778 1472 legimus,
798 1395 889 1455 babes
934 1420 1058 1468 στηκεν
1085 1396 1278 1476 Ἀλεξανδρείας
1301 1397 1366 1477 πρὸς
1389 1397 1472 1465 δύσεις
1499 1397 1580 1458 δυσίν
1597 1399 1715 1478 ίγγιστα.

102 1516 132 1572 p.
152 1497 224 1568 523,
239 1501 293 1572 op,
316 1495 368 1555 ubi
393 1495 423 1553 ol
446 1491 560 1573 δρόμοι
579 1496 626 1563 τῆς
642 1491 760 1562 ’diodor
780 1512 891 1552 memo·
934 1494 1045 1573 Scripsi
1063 1492 1162 1569 Ἀμισία
1185 1515 1240 1574 μισ
1263 1495 1406 1572 Ἀμάσεια,
1427 1496 1506 1574 quod
1524 1495 1668 1556 editiones
1690 1511 1718 1556 et

101 1604 218 1661 rantur,
230 1611 305 1666 quos
317 1589 481 1648 accuratius
500 1589 637 1647 novimus
649 1607 686 1646 ert
700 1588 797 1648 Aron.
811 1589 889 1666 peri·
933 1589 990 1648 hoc
1007 1591 1073 1649 loco
1087 1589 1195 1650 babent
1207 1604 1235 1649 et
1258 1590 1299 1665 ll,
1323 1613 1368 1668 ro,
1385 1612 1416 1670 p.
1436 1591 1489 1660 154
1514 1593 1561 1651 ed.
1577 1591 1718 1668 Wilberg.

100 1684 149 1762 plo
164 1686 257 1744 maris
269 1684 431 1762 Erythrai,
444 1682 608 1742 llarcianus
619 1701 691 1740 vero
702 1701 719 1740 e
730 1681 891 1759 Protagora
934 1692 973 1773 ‘ll
991 1686 1069 1745 libro
1082 1687 1208 1746 secundo
1229 1686 1249 1747 l.
1265 1688 1285 1746 l.
1297 1688 1388 1746 codex
1400 1688 1538 1748 editionis
1553 1691 1718 1766 Argentiuae

99 1777 257 1855 habuerit,
268 1779 355 1838 sicuti
367 1799 431 1854 quae
442 1777 480 1837 de
490 1777 691 1853 magnitudine
699 1775 889 1854 'l'aprobanes
933 1801 964 1860 p.
989 1783 1024 1840 18
1042 1781 1154 1860 praebet
1167 1782 1271 1858 Ἀμισία
1287 1783 1441 1860 (Ἀμασία,
1464 1783 1583 1862 Ἀμασία,
1604 1785 1718 1862 ’Apicio

99 1874 202 1931 insulae
227 1876 277 1952 (p.
299 1873 368 1951 534]
389 1875 469 1931 etde
490 1875 574 1931 sinus
591 1872 688 1948 llagni
712 1884 741 1929 et
762 1873 889 1931 aliorum
933 1877 984 1935 alii
995 1878 1078 1937 codd.
1091 1898 1139 1958 ap.
1152 1877 1353 1958 Wilb.)‚qu0d
1367 1881 1443 1960 apud
1455 1881 1630 1960 Stephanum
1645 1903 1718 1961 quo·

99 1968 310 2027 nonnullorum
326 1968 472 2025 mensuris
491 1987 508 2024 a
524 1966 674 2025 Ptolemaei
693 1978 830 2043 computo
843 1967 888 2026 di·
933 1991 992 2048 quc
1013 1975 1210 2052 reponendum
1228 1974 1317 2033 luerit
1336 1995 1391 2054 pro
1411 1974 1510 2052 'dprcc
1523 1977 1570 2035 vel
1592 1975 1717 2054 Ἀμισσσ,

99 2081 184 2121 versa
199 2063 470 2142 deprehenduntur.
486 2063 618 2122 Ceterum
628 2063 800 2138 Protagorae
811 2083 887 2140 quo·
933 2067 1008 2125 sicut
1016 2075 1127 2124 Amisia
1134 2067 1297 2148 legiturap.
1307 2068 1332 2126 'l'
1334 2071 1440 2128 acitum
1449 2069 1592 2148 (ffljdnn.
1603 2070 1642 2142 ll,
1653 2073 1680 2150 8,
1689 2086 1718 2130 et

99 2179 156 2236 que
163 2160 355 2236 geographia,
368 2179 455 2236 quam
467 2159 503 2217 de
515 2172 597 2237 parte
606 2159 808 2216 mathematica
823 2181 888 2236 γεω-
932 2163 1040 2222 lluvius
1065 2165 1249 2244 propinquus
1266 2166 1358 2242 (bod.
1378 2170 1464 2242 Ειιισ)
1481 2181 1601 2226 vocatur
1626 2173 1716 2226 Amr·-

98 2253 207 2334 μσσρίαν
217 2254 337 2313 Photios
345 2253 443 2312 dicere
454 2255 563 2331 potuit,
574 2254 605 2312 in
618 2254 767 2332 plerisque
786 2254 886 2313 Ptole·
930 2267 987 2316 sr'rrr
997 2261 1042 2319 vel
1056 2266 1162 2318 Amisia
1172 2283 1220 2340 ap.
1234 2264 1324 2322 Tacit.
1339 2267 1414 2322 dnn.
1434 2264 1459 2336 l,
1470 2267 1519 2322 60.
1533 2267 1583 2323 63.
1597 2286 1645 2338 70,
1657 2265 1716 2324 llle·

98 2351 161 2406 maei
172 2349 256 2427 operi
264 2361 462 2428 superstructa
470 2349 560 2407 luisse
570 2349 887 2427 videturmdeoutquae
932 2355 987 2413 lam
1003 2355 1028 2414 ll
1033 2401 1042 2428 ‚
1058 2358 1074 2414 3
1091 2371 1119 2416 et
1132 2358 1261 2418 Plinium
1276 2359 1324 2432 lV,
1338 2368 1381 2426 ri.
1394 2359 1499 2418 Strabo
1512 2381 1541 2439 p.
1551 2357 1608 2438 29'0
1620 2374 1648 2420 et
1658 2382 1712 2436 ²91

99 2443 240 2518 gradibus
251 2445 313 2515 ille,
323 2443 373 2502 hic
384 2444 544 2503 stadiorum
557 2445 686 2503 numeris
695 2444 845 2519 deliniret,
857 2457 886 2503 et
930 2453 981 2538 qui
998 2451 1082 2512 urbis
1096 2475 1155 2512 non
1170 2455 1314 2530 meminit,
1336 2455 1458 2513 flurium
1480 2469 1566 2514 vocat
1578 2455 1715 2531 Ἀμασίαν,

100 2553 239 2615 praeterea
257 2540 389 2598 locorum
407 2540 622 2598 maritimorum
636 2539 788 2598 distantias
804 2559 820 2597 e
835 2559 884 2598 ra·
931 2543 1051 2604 sortasse
1071 2550 1171 2625 patriae
1205 2548 1324 2606 nomine
1348 2548 1494 2614 seductus.
1518 2548 1541 2606 E
1571 2549 1717 2608 Strabone

99 2636 153 2692 riis
174 2636 302 2714 periplis
329 2637 488 2712 colligeret.
516 2636 699 2714 Quamquam
721 2638 885 2696 accuratius
930 2652 1025 2697 autem
1051 2642 1150 2700 nescio
1171 2661 1208 2700 an
1230 2641 1361 2700 fluminis
1380 2660 1485 2700 nomen
1510 2639 1637 2716 Ἀμασίας
1658 2641 1714 2718 jam

99 2733 252 2810 quidpiam
269 2733 306 2791 de
327 2733 384 2791 boc
401 2735 554 2812 scriptore,
576 2733 662 2810 cujus
682 2751 719 2792 ne
745 2732 782 2790 de
804 2745 885 2791 aetate
928 2735 1044 2813 pridem
1060 2737 1092 2794 in
1106 2735 1291 2795 Ptolemaeum
1307 2735 1348 2806 ll,
1375 2757 1421 2806 rr,
1441 2757 1471 2814 p.
1486 2737 1554 2808 rto,
1571 2737 1715 2796 nilluturn

99 2826 217 2904 quidem
231 2840 353 2900 constat,
370 2828 472 2906 nequit
485 2829 656 2888 asseverari.
928 2831 976 2902 sit,
988 2850 1078 2909 quum
1093 2833 1256 2893 consentire
1268 2831 1305 2890 de
1316 2851 1352 2890 eo
1367 2831 1451 2891 codd.
1467 2831 1621 2891 rideantur
1633 2835 1642 2909 ί
1656 2835 1713 2893 nisi

137 2926 206 2983 ανδ,
228 2923 329 2983 Tertio
344 2925 411 2983 loco
424 2926 500 2982 inter
518 2925 627 3002 scripta
640 2924 779 2981 llarciuni
797 2926 882 3003 posui
928 2927 1008 3003 quod
1025 2926 1138 3001 ’Λμσίσσυ
1152 2948 1206 3004 pru
1219 2926 1343 3002 Ἀμασίου
1358 2927 1468 3003 praehet
1487 2928 1577 2985 editio
1593 2932 1708 3003 Angen-

97 3018 213 3077 titulum
229 3040 236 3075 :
252 3017 339 3099 Περὶ
361 3022 424 3078 τῶν
448 3020 508 3076 ἀπὸ
523 3017 654 3094 Ῥώμης
667 3019 720 3076 lrrl
734 3017 790 3085 τὰς
815 3022 884 3078 lor·
929 3021 990 3079 tina
1003 3022 1025 3099 J,
1042 3042 1094 3079 nec
1108 3022 1257 3081 dissentiat
1267 3022 1431 3081 lllarciuuus
1447 3043 1477 3100 p.
1491 3022 1558 3092 555,
1576 3044 1620 3081 ιι.

96 3114 221 3190 σήμσυς
242 3120 299 3187 τῆς
311 3114 509 3191 οἰκουμένης
532 3114 645 3182 πόλεις
659 3117 711 3173 δια
720 3113 883 3190 στιίσιων,
969 3128 1037 3187 aad.
1057 3119 1122 3176 ttaec
1133 3138 1222 3195 quum
1239 3117 1428 3191 italrubeant‚
1444 3117 1537 3176 facilis
1550 3118 1713 3191 conjectura

97 3211 287 3287 quiquumin
300 3209 430 3269 indiculo
440 3210 684 3289 capittunperipli
695 3210 882 3271 marisexteri
927 3226 971 3271 est
989 3214 1126 3272 llarciaui
1139 3212 1297 3291 periplurn,
1314 3212 1489 3271 ePtolemaei
1503 3212 1628 3269 maxime
1642 3233 1710 3269 cerr·
1789 3290 1794 3298 ι

96 3305 192 3364 ίοσιιιιι
206 3307 341 3366 ultimum
354 3306 501 3382 obtineat,
521 3326 581 3365 non
601 3327 677 3385 opus
688 3309 881 3387 particulare,
927 3307 1044 3366 tonibus
1057 3308 1226 3379 collectum,
1250 3307 1304 3365 etsi
1318 3308 1418 3385 copias
1430 3306 1637 3384 geographicas
1652 3326 1711 3364 non
1794 3303 1802 3315 ”

96 3404 145 3461 sed
156 3404 348 3482 appendicem
358 3405 473 3484 periplo
487 3404 647 3479 subjectum
662 3404 786 3483 prodere
799 3405 880 3463 ride·
927 3417 1046 3479 augeat,
1058 3416 1152 3461 tamen
1164 3423 1222 3461 non
1236 3416 1267 3461 ut
1276 3422 1396 3481 prorsus
1410 3403 1544 3461 inutilem
1554 3402 1711 3480 projicien-

95 3512 151 3557 tur.
161 3500 262 3577 lpsum
269 3502 883 3581 scripturnunacumextremaperipliparte
926 3499 996 3557 dum
1011 3518 1084 3560 esse.
1096 3499 1166 3559 Nam
1182 3512 1294 3562 constat
1311 3513 1428 3559 nostros
1439 3498 1586 3559 Ptolemaei
1596 3497 1711 3557 codices

95 3596 125 3654 iu
139 3597 242 3655 codice
263 3599 353 3676 periit
359 3622 368 3671 ;
389 3601 478 3658 semel
499 3612 677 3657 memorator
697 3618 715 3657 a
735 3598 884 3676 Stephano
926 3609 1046 3656 cuuctos
1063 3597 1119 3657 aevi
1132 3616 1195 3655 esse
1209 3596 1370 3668 citerioris,
1384 3614 1417 3654 ac
1429 3595 1522 3655 verba
1531 3595 1657 3654 auctoris
1672 3607 1711 3652 to·

95 3690 273 3767 Byzantios.
285 3690 383 3769 Ἄμισσ
408 3697 455 3769 (ν.
469 3714 500 3771 p.
526 3693 604 3767 565).
616 3697 771 3752 ductorem
790 3692 822 3750 in
836 3692 882 3750 di·
926 3692 984 3752 ties
994 3680 1133 3773 descripti
1153 3680 1226 3751 loeis
1243 3693 1407 3751 innumeris
1421 3690 1610 3753 librariorum
1626 3690 1712 3768 culpo

94 3790 207 3847 stantiis
216 3789 278 3848 illis
292 3790 381 3849 luisse
390 3790 601 3849 miliariiaurei
613 3802 644 3847 et
656 3790 878 3848 itinerariorum
926 3804 1064 3867 corrupta
1089 3802 1117 3849 et
1149 3789 1300 3847 doctorum
1324 3789 1447 3851 arbitrio
1467 3800 1592 3859 curtata,
1616 3800 1709 3861 aucta,
1807 3825 1811 3835 .

94 3883 283 3961 publicorum
297 3884 384 3943 fidem
399 3898 528 3943 secutum
545 3897 644 3943 censet
659 3886 752 3945 Lucas
767 3884 882 3943 llolster
925 3884 1101 3962 transposita
1113 3884 1159 3943 vel
1168 3884 1227 3942 alio
1236 3883 1396 3945 ruodoesse
1408 3894 1527 3945 mutata.
1542 3881 1625 3941 llaurl
1636 3903 1710 3944 cou-

94 3981 160 4038 nius
175 3981 207 4039 in
222 3980 275 4060 Ep.
295 3980 333 4040 ad
355 3980 535 4040 Peirescium
548 4000 637 4059 supra
647 3981 708 4059 jam
722 3980 836 4039 laudata
847 3980 880 4059 Γ)
926 3979 1100 4038 temnendus
1118 3980 1210 4055 igitur
1224 3992 1324 4037 auctor
1338 3978 1390 4055 qui
1407 3979 1484 4036 circa
1496 3978 1629 4055 quintum
1646 3990 1711 4055 post

93 4074 236 4134 Similiter
263 4076 324 4135 alii.
350 4075 411 4153 Ego
439 4077 481 4135 ita
503 4077 649 4137 existimo.
683 4075 881 4146 Quemadmo·
925 4073 995 4135 Chr.
1010 4074 1138 4133 seculum
1154 4072 1383 4133 suosPtolemaei
1398 4073 1512 4130 codices
1532 4070 1712 4129 verbotenus

94 4164 159 4224 dom
180 4168 357 4227 Ptolemaeus
374 4168 451 4227 libro
474 4170 578 4228 ultimo
601 4171 631 4227 in
650 4170 767 4228 πινάκων
783 4169 881 4228 indice
925 4188 1002 4246 saepe
1011 4169 1175 4247 exscripsit.
1189 4167 1275 4246 Spem
1290 4168 1408 4246 quidem
1419 4165 1553 4225 utilitatis
1565 4166 1596 4226 in
1611 4165 1708 4225 Ptole-

97 4264 182 4321 tradit
192 4284 326 4342 quaenam
339 4266 378 4325 sit
386 4266 603 4345 precipuorum
614 4268 695 4326 orbis
703 4266 879 4345 oppidorum
924 4283 1028 4321 rnaeurn
1043 4264 1112 4321 lritrc
1126 4261 1331 4321 redundatura
1344 4262 1405 4320 fore
1418 4262 1567 4319 minimum
1581 4260 1708 4317 credide·-

95 4357 129 4415 ab
142 4360 320 4418 ,llexandria
329 4360 467 4419 distantia
477 4360 544 4439 pq,
559 4361 695 4420 similiter
707 4362 742 4419 iu
752 4380 805 4420 sua
813 4384 881 4438 γεω·
925 4360 982 4431 ris,
1000 4359 1077 4437 quod
1098 4358 1240 4417 llarciani
1261 4360 1351 4416 codex
1369 4358 1518 4415 Parisinus
1539 4356 1711 4414 mendorum

96 4453 186 4535 μετρία
211 4457 277 4515 sive
301 4458 454 4537 γεωγραμίᾳ
477 4458 578 4516 lecerit
606 4458 798 4535 Protagoras,
821 4459 879 4516 uisi
925 4457 1011 4531 copie
1031 4454 1154 4530 laborat,
1179 4454 1251 4513 adeo
1264 4466 1325 4515 ute
1341 4452 1496 4511 Ptolemaeo
1512 4452 1710 4530 saepiuslllor·

95 4550 171 4627 quod
189 4552 311 4611 calculis
329 4554 391 4612 suis
405 4552 526 4612 alloma
537 4552 628 4626 urbe,
651 4554 683 4612 in
710 4573 768 4631 qua
787 4554 878 4611 vitam
925 4553 1026 4612 cianus
1035 4570 1121 4631 quam
1136 4551 1184 4609 hic
1194 4570 1230 4609 ex
1243 4551 1295 4610 illo
1309 4549 1501 4625 corrigendus
1511 4549 1564 4619 sit;
1576 4548 1710 4607 eandem·

121 4718 156 4778 (')
168 4717 342 4779 wesselingius
353 4719 377 4768 io
387 4720 479 4782 molat
499 4720 529 4769 ad
539 4722 594 4771 ltin.
610 4733 635 4782 p.
649 4727 682 4770 a:
701 4740 714 4763 ι
726 4719 861 4770 Hadrianus
871 4718 960 4770 litoius
973 4721 1090 4771 Boloolar
1101 4731 1153 4769 sure
1164 4730 1217 4781 pag.
1230 4722 1275 4769 263
1290 4716 1437 4767 Marcianum
1450 4716 1710 4766 ltiuerarioauetorem

94 4784 171 4848 dedit,
183 4787 239 4849 qui,
251 4790 373 4850 Steplrauo
382 4792 406 4838 io
418 4791 503 4853 Ἀμισα
513 4794 584 4853 teste,
597 4791 747 4840 ltinererium
761 4788 792 4838 ab
803 4789 864 4839 urbe
873 4792 949 4839 ltoma
961 4788 990 4837 od
1001 4788 1090 4838 nobilia
1102 4787 1190 4849 oppida
1203 4786 1311 4849 scripsit;
1329 4799 1403 4847 ιμιαιιι
1416 4787 1579 4847 coniectorum
1594 4788 1629 4834 vir
1644 4799 1711 4845 egre·

94 4854 142 4913 gius
158 4857 211 4904 sine
223 4856 297 4905 dubio
310 4856 462 4916 damnasset.
474 4860 494 4910 ri
509 4861 624 4910 Marciani
637 4860 749 4921 reliquias
758 4872 815 4907 curu
833 4859 880 4907 lroo
894 4860 1021 4909 llincrario
1040 4856 1210 4907 contendisset.
1226 4858 1352 4907 Diversum
1366 4862 1438 4908 entur
1450 4871 1526 4920 petrus
1536 4862 1559 4906 ct
1573 4856 1711 4919 discrepans

95 4926 218 4987 utriusque
233 4925 370 4977 institutum
385 4934 431 4978 est.
444 4948 458 4973 ι
471 4930 588 4978 Dodwelli
602 4929 770 4979 lrariolationcs
782 4929 857 4989 legere
866 4931 903 4978 ert
913 4929 977 4992 apud
990 4928 1130 4978 lludsonum
1144 4931 1203 4977 tom.
1218 4932 1235 4987 Ι,
1248 4941 1270 4990 p.
1288 4931 1340 4977 tlt.

121 4996 172 5056 (**)
184 4995 245 5045 Ptol.
256 4999 324 5056 Vlll,
335 5005 349 5048 ²
359 4998 411 5049 inil-
422 5000 619 5057 εὟιιστάσσσντες
632 5001 657 5049 δὲ
667 5006 724 5048 τῶν
736 5001 798 5047 καθ’
810 5000 939 5058 ἑκάστην
960 5002 1057 5065 χώραν
1070 5000 1225 5061 διασήμων
1243 5000 1312 5047 tro'lt
1321 5016 1363 5049 ων,
1376 5016 1405 5051 τα
1423 4999 1463 5062 μὲν
1480 4999 1594 5061 §lippara
1605 4994 1709 5059 μετειλη-

95 5066 150 5123 ιιὲνα
159 5068 192 5123 εἰς
204 5068 235 5115 τὰ
244 5069 330 5129 μεγέθη
345 5074 392 5117 τῶν
401 5069 426 5118 ἐν
435 5069 512 5127 αὐτοῖς
523 5070 639 5131 μεγίστων
653 5073 756 5133 ἡμερῶν,
768 5070 809 5123 τὰς
819 5071 843 5117 δὲ
857 5072 918 5120 κατὰ
937 5076 1011 5131 μῆκος
1021 5072 1108 5133 ἐποχὰς
1128 5072 1160 5127 είς
1174 5071 1210 5127 riu
1220 5070 1267 5121 ὰιιδ
1279 5074 1320 5119 τοῦ
1333 5068 1365 5119 δι’
1377 5071 1540 5133 Ἀλεξανδρείας
1553 5069 1709 5131 μεσημδμννσί

95 5136 225 5193 διαστάσεις
235 5139 286 5186 κτλ.

96 5255 101 5267 ,
125 5208 184 5272 (m)
199 5208 341 5260 llaudeuiru
349 5210 444 5262 diverse
455 5210 526 5262 luerit
533 5212 608 5262 Taciti
618 5211 676 5261 urbs
682 5209 713 5260 ab
725 5211 849 5262 tuoremaei
862 5211 935 5275 urbe,
948 5213 986 5262 cui
998 5224 1046 5259 uou
1057 5223 1128 5260 sumu
1140 5209 1221 5261 locum
1236 5210 1379 5262 Ptolemaeus
1387 5208 1522 5273 ammorii.
