3775 5750
606 377 850 440 SleilllSMlJS
871 377 992 440 tttttts
1013 377 1150 439 utum.
1623 394 1677 446 ttt

71 524 127 612 γοςρ
141 500 210 646 ἰερέρν
226 504 273 560 τοῦ
286 499 434 580 Ἄμμωνος·
447 501 516 584 ὕδωρ
529 501 584 584 igar
597 507 625 565 is
637 508 675 587 τῷ
689 507 801 589 αἰγιαλῷ
813 509 852 588 τῷ
902 515 992 571 buum
1011 516 1049 569 ibi
1066 517 1217 582 Ammonis3
1232 533 1327 588 quam
1340 516 1420 570 babet
1431 518 1459 570 in
1472 517 1577 589 objecto
1596 519 1687 574 litore.

70 589 95 657 ἐξ
108 613 248 758 zill’diib
270 676 439 758 Ἀντιπύργω
460 679 495 746 at<
518 676 563 740 τὸν
590 679 692 764 Μικρὸν
713 680 853 763 lltrpdare

69 765 193 824 orditur*
205 765 228 844 .]
898 770 984 841 3801.

934 643 979 713 39.
1001 642 1062 714 [Ab
1079 641 1228 716 Antipyrgo
1240 641 1279 696 ad
1293 645 1412 697 Paruum
1429 646 1579 699 Petruntem
1592 646 1684 701 studia

69 973 275 1044 berumgezogen
298 973 354 1028 und
370 971 442 1030 daun
470 975 569 1030 wieder
590 976 633 1030 die
652 977 742 1032 steilen
763 977 855 1034 Felsen
900 980 1001 1043 σΐζωσσ
1013 981 1068 1033 sive
1088 979 1179 1034 insulae
1198 980 1290 1034 similis
1308 999 1365 1060 epse
1377 991 1488 1054 potem.
1508 985 1570 1052 Quo
1586 983 1687 1038 aceedit

68 1055 194 1122 emtiegen
208 1052 293 1106 haben
304 1052 398 1127 kann)
412 1055 483 1109 aeine
498 1054 653 1126 Redeutung
667 1057 777 1122 wabrte,
800 1056 857 1111 und
900 1058 974 1131 quod
983 1061 1022 1113 sio
1038 1057 1147 1112 demum
1163 1061 1326 1114 mansionem
1336 1079 1352 1114 a
1363 1063 1405 1114 via
1420 1071 1491 1114 recta
1503 1071 1530 1115 et
1545 1063 1685 1117 eommoda

68 1129 115 1183 der
129 1131 165 1184 als
174 1131 341 1186 Bieebosssitz
353 1135 364 1202 (
376 1134 543 1207 Geographia
553 1153 626 1188 sacra
632 1174 640 1200 ‚
656 1135 855 1203 Amstelodami,
900 1155 956 1191 non
969 1136 1088 1191 dissitam
1099 1139 1283 1193 nanciscimur.
1295 1140 1394 1192 Ruinas
1404 1139 1522 1193 Arabum
1536 1151 1610 1194 aetate
1620 1144 1687 1196 anti-

69 1209 161 1262 Halma
176 1210 243 1278 1703
260 1227 288 1281 p.
309 1215 362 1280 ιρι
375 1211 512 1280 >bekannt
527 1214 571 1279 ist,
586 1213 662 1268 nebst
680 1216 855 1268 Paraetonium
899 1217 1006 1288 quiores
1017 1234 1073 1270 non
1085 1215 1181 1270 vidisse
1194 1217 1330 1271 barthium
1340 1216 1396 1288 jam
1407 1219 1513 1283 monui;
1526 1218 1597 1272 addo
1613 1220 1687 1292 quod

66 1306 99 1340 zu
110 1287 274 1344 bosonderen
284 1290 455 1346 Riteldehnen
470 1292 527 1347 und
541 1292 623 1348 lesteu
641 1293 763 1348 Punltten
774 1313 855 1364 gegen
899 1297 999 1361 ruinas,
1014 1295 1147 1349 aBartbio
1157 1313 1212 1349 non
1227 1297 1309 1360 visas,
1326 1297 1355 1349 in
1367 1296 1587 1351 mediterraneisa
1600 1299 1689 1353 enstel-

36 1415 39 1422 .
66 1365 109 1420 die
128 1367 245 1422 Einltello
265 1367 314 1422 der
334 1370 535 1440 Eingeborenen
554 1373 693 1443 (Procop.
720 1374 761 1425 De
783 1371 853 1426 tedis.
899 1371 925 1426 lo
943 1372 1058 1427 Arabico
1071 1373 1178 1427 boream
1193 1391 1283 1427 versus
1296 1379 1329 1438 ιι,
1344 1373 1636 1428 ιιιάἰοιιιιιιίιιιιιιιΙΙο
1645 1375 1687 1430 di·

67 1446 114 1510 vl,
130 1463 157 1510 a,
170 1464 198 1517 p.
212 1450 292 1516 uo).
307 1447 372 1501 Und
381 1449 440 1502 eine
452 1449 579 1503 aebnlicbe
590 1448 745 1520 Redeutuug
754 1450 856 1506 scbeint
898 1461 1007 1518 stantes,
1019 1455 1119 1506 notavit
1128 1453 1278 1525 Smytbius3
1290 1470 1350 1524 quae
1366 1471 1433 1506 num
1444 1455 1537 1508 oeteris
1548 1455 1601 1506 sint
1613 1467 1687 1509 vetu-

64 1522 112 1576 der
126 1525 197 1579 Plata
218 1526 287 1580 auch
301 1537 378 1580 unter
398 1527 446 1582 der
466 1527 618 1582 Herrsobail
631 1527 680 1582 der
694 1529 796 1584 Araber
810 1529 856 1584 be·
899 1533 1001 1596 stiores,
1024 1533 1126 1595 nescio,
1152 1542 1180 1585 at
1208 1532 1264 1586 lieri
1286 1533 1379 1605 nequit
1403 1544 1434 1588 ut
1462 1533 1501 1586 ibi
1526 1535 1687 1607 Antipyrgos

64 1601 175 1674 hauptet
186 1622 219 1657 zu
232 1603 334 1671 haben3
346 1604 417 1659 denn
440 1607 494 1678 Styl
510 1606 566 1660 und
578 1609 711 1662 Bnuweise
727 1609 795 1678 zeigt
805 1626 853 1673 an,
899 1607 1038 1665 Stadiasmi
1052 1608 1220 1666 mllonaudus
1233 1612 1277 1666 sit.

63 1680 123 1734 dass
139 1682 219 1736 ibnen
236 1681 283 1736 das
296 1683 464 1738 ansebnliche
479 1685 637 1740 Kastellaui
646 1684 696 1740 der
705 1687 855 1742 westlicben
934 1692 950 1757 ς
967 1695 1012 1745 39.
1026 1689 1130 1743 Inclusa
1157 1690 1286 1762 suppleri.
1305 1690 1317 1761 ll
1334 1693 1404 1760 —S
1426 1693 1471 1754 lo.
1493 1689 1687 1762 Πὶτραντος]

62 1761 134 1812 Seite
147 1761 194 1814 der
203 1762 298 1828 Bueht,
310 1763 353 1816 ein
365 1764 600 1835 unregelnraessigae
611 1765 717 1836 Oblong
726 1767 775 1820 mit
784 1766 856 1820 balb·
899 1765 1048 1838 Περεῦοντσς
1064 1767 1158 1823 nodex.
1170 1770 1211 1822 Eo
1223 1786 1307 1838 usque
1317 1768 1410 1840 Scylax
1423 1768 1458 1822 ab
1471 1769 1618 1840 Antipyrgo
1631 1789 1688 1824 esse

62 1839 274 1911 kreisloermigen
294 1842 446 1908 'l'btirmen‚
467 1844 496 1895 iu
515 1845 601 1897 seiner
618 1843 731 1914 jetzigen
756 1846 857 1899 Gestalt
900 1847 937 1898 ait
955 1848 1149 1917 navigationem
1172 1847 1225 1900 diei
1247 1846 1388 1900 dimidiati.
1411 1848 1423 1917 ΙΙ
1441 1877 1478 1888 -
1497 1847 1686 1922 Βάτραχος]

62 1920 203 1970 wenistens
217 1919 361 1989 angehoert.
376 1921 524 1991 Uebrigens
542 1923 610 1976 sieht
621 1939 683 1976 man
705 1924 742 1976 im
756 1926 855 1978 lonern
899 1925 1026 1997 Βάτραχος
1035 1927 1112 1998 λιμήν
1121 1925 1201 1980 codd.
1219 1925 1362 1989 Ptolemaei,
1374 1928 1402 1978 in
1416 1925 1542 1997 quoolirn
1560 1926 1687 1982 edebatur

61 1997 108 2050 der
130 1999 376 2054 Umscblussmauer
394 1999 444 2054 last
459 2018 505 2070 gar
522 2000 599 2055 keine
612 2003 716 2055 Ruiuen
732 2001 788 2055 und
810 2002 855 2056 be·
901 2005 1025 2076 Βάθριοιος
1042 2005 1069 2058 λ.
1086 2005 1228 2060 Ponendus
1244 2015 1337 2076 portus
1350 2005 1379 2058 in
1394 2006 1474 2058 maris
1486 2023 1590 2058 reeeaau
1609 2006 1687 2077 longe

63 2077 175 2131 sonders
184 2097 237 2132 nur
252 2079 313 2133 sebr
325 2080 432 2150 geringe
447 2079 701 2150 Quedertrtimmer3
721 2099 774 2134 von
788 2083 855 2136 Gra·
899 2083 1113 2138 incontinentem
1124 2093 1291 2155 penetrante,
1304 2083 1351 2154 qui
1361 2083 1471 2136 intimus
1481 2094 1520 2136 est
1528 2085 1605 2155 μυχὸς
1613 2087 1686 2139 sinus

63 2156 207 2222 nitroeten,
225 2157 269 2211 die
279 2158 367 2212 Pacho
379 2160 390 2227 (
402 2157 420 2211 l.
431 2158 450 2213 l.
462 2177 491 2232 p.
501 2162 556 2228 48)
570 2160 680 2229 genehen
692 2159 778 2213 haben
787 2159 853 2226 will,
899 2159 957 2232 ejus
966 2180 1046 2233 ιιιιιιιι
1056 2179 1179 2216 voeamtas
1190 2161 1260 2230 golfe
1270 2161 1302 2213 de
1317 2161 1425 2214 Bomio.
1435 2160 1549 2215 Paobol.
1558 2163 1577 2216 Ι.
1587 2181 1615 2236 p.
1633 2163 1682 2217 51:

64 2233 166 2288 lonnte
184 2236 227 2288 ich
247 2236 334 2290 nichts
353 2237 510 2292 entdeclren.
531 2238 704 2310 Ueberltaupt
720 2237 856 2292 hemerltte
902 2260 913 2289 ι
933 2242 970 2293 La
982 2242 1063 2312 petite
1072 2241 1131 2293 baie
1141 2250 1180 2292 est
1189 2241 1349 2292 vironnee
1360 2237 1376 2292 it
1388 2257 1437 2292 son
1447 2241 1584 2294 extremit&
1597 2242 1686 2295 orieri-

63 2314 105 2366 ich
123 2333 215 2368 ausser
232 2315 320 2368 einem
343 2333 394 2369 von
424 2315 513 2370 Paobo
535 2317 716 2370 ubersehenen
737 2334 853 2388 gresten,
899 2317 951 2372 tale
965 2318 1001 2372 de
1016 2329 1097 2372 terres
1108 2329 1244 2372 ennaea-tes
1260 2318 1295 2372 de
1310 2320 1417 2388 lagunes
1427 2328 1454 2372 et
1465 2318 1499 2372 de
1516 2318 1616 2390 plantes
1632 2339 1687 2374 ma·

61 2393 170 2446 ollenen
180 2395 520 2466 WasserbebteltervonJli
536 2397 635 2450 Scbritt
645 2398 739 2466 lenge
753 2396 810 2450 und
821 2398 854 2468 57
898 2397 979 2451 rines.
1004 2399 1054 2452 Ces
1071 2399 1219 2467 mareeages
1236 2408 1297 2450 sont
1313 2397 1337 2450 le
1354 2396 1452 2466 sejour,
1472 2415 1506 2451 en
1528 2399 1586 2464 etsi,
1604 2397 1687 2453 d’uue

61 2471 407 2540 SchrittBreite,durchaus
418 2474 628 2529 keineBaureete
639 2473 688 2528 aui
697 2474 855 2546 diesergan-
898 2475 1065 2548 prodigieuse
1084 2478 1204 2548 qmntite
1220 2475 1255 2530 de
1272 2477 1441 2546 manuue,
1467 2479 1514 2548 qui
1538 2477 1687 2534 donnerent

61 2569 107 2602 zen
132 2551 287 2622 Erbebung.
314 2553 371 2608 Aul
387 2543 435 2608 der
452 2554 556 2608 ldeinen
577 2554 648 2608 Insol
673 2553 718 2608 die
739 2572 787 2608 vor
806 2553 855 2608 der
899 2555 965 2610 dans
980 2556 1128 2627 l’antiquite
1146 2557 1204 2609 leur
1223 2574 1288 2609 nom
1306 2574 1341 2610 au
1359 2566 1421 2627 port
1444 2557 1602 2623 Bauacbus,
1618 2560 1686 2612 sitne

61 2630 148 2683 litiste
163 2629 238 2701 liegt,
249 2632 380 2701 gewahrte
392 2633 435 2686 ich
448 2633 572 2688 ebenlalls
591 2633 668 2688 leine
680 2635 800 2698 Ruiuen3
811 2633 855 2688 die
898 2633 1040 2700 d’ailleurs,
1053 2634 1088 2688 de
1097 2637 1182 2688 meum
1190 2651 1243 2705 que
1250 2644 1318 2687 oette
1331 2651 1402 2700 ause,
1415 2632 1430 2688 t
1443 2634 1582 2688 l'oeeident
1591 2633 1625 2688 de
1635 2639 1686 2690 Pe·

60 2710 207 2764 Trt'rmmer
220 2710 267 2764 dea
277 2712 398 2784 Tempels
411 2712 472 2766 sind
484 2712 555 2767 wobl
570 2715 599 2767 in
610 2712 659 2766 der
665 2712 796 2784 junget-en
809 2716 856 2768 Be-
899 2724 1077 2786 trusparvus.
1086 2715 1146 2767 Une
1161 2713 1227 2766 belle
1238 2730 1331 2766 source
1339 2711 1416 2766 d’eau
1428 2712 1575 2767 sulfureuse
1587 2713 1686 2784 [etwas

60 2787 194 2860 iestigung
206 2791 253 2844 mit
271 2791 382 2846 verbaut
394 2791 513 2845 worden.
528 2817 539 2840 ι
556 2791 762 2856 HaecBartbiue,
775 2810 854 2863 quem
898 2791 987 2860 snlzig
1006 2792 1070 2847 dicit
1089 2792 1169 2846 Barth
1187 2809 1216 2864 p.
1240 2791 1302 2847 5ιο.
1325 2794 1356 2844 ln
1372 2789 1446 2846 sud.
1462 2810 1513 2864 pru
1533 2792 1599 2864 ὕδωρ
1621 2793 1686 2848 πολὺ

59 2865 94 2921 de
108 2868 196 2923 insula
212 2871 261 2924 ista
278 2869 371 2924 vellem
388 2869 508 2925 docuisse
517 2871 605 2944 paullo
618 2871 774 2926 accuratius.
786 2871 854 2927 Nam
898 2870 961 2927 sort.
973 2871 1100 2944 ιιιιῦδιορ
1111 2871 1191 2927 πλατὺ
1200 2873 1222 2944 ],
1236 2873 1359 2925 nommee
1370 2871 1560 2926 dinei-Gaza!
1570 2871 1581 2943 [
1590 2871 1618 2926 id
1628 2884 1684 2928 est:

60 2964 151 3019 neque
169 2949 224 3019 ipse
245 2951 273 3003 in
287 2949 388 3003 Tabula
403 2968 450 3004 sua
470 2950 558 3005 losum
575 2952 599 3005 ei
620 2954 749 3021 assignat,
769 2969 855 3022 neque
898 2950 986 3004 eilde
994 2950 1123 3022 garelle]‚
1138 2950 1223 3004 forme
1232 2948 1686 3023 unruisseaudqueiquoepasdoce

59 3025 125 3079 alius
145 3028 291 3099 quispiam,
312 3037 442 3099 quantum
456 3029 547 3083 sciam.
566 3030 600 3082 Et
616 3040 704 3083 tamen
721 3028 855 3100 Smytbius
897 3040 969 3100 port,
982 3040 1010 3083 et
1020 3030 1148 3083 oonfirme
1162 3030 1228 3083 ainsi
1238 3029 1276 3083 les
1286 3041 1374 3083 autres
1384 3029 1490 3095 details,
1501 3046 1553 3102 que
1564 3029 1653 3083 donne
1661 3031 1687 3085 le

60 3114 115 3158 tam
137 3104 290 3175 diligentem
313 3106 392 3179 liujus
409 3108 483 3160 sinus
496 3106 636 3160 delineavit
649 3109 805 3177 imaginem,
825 3118 855 3161 ut
897 3108 998 3179 periplo
1016 3125 1147 3180 anonyme
1163 3125 1210 3161 sur
1222 3126 1253 3161 oe
1269 3108 1331 3161 lieu.
1344 3109 1412 3161 Mais
1422 3126 1463 3161 ιιι
1475 3127 1556 3172 mua,
1575 3120 1602 3163 et
1610 3109 1686 3175 eelim

60 3186 165 3239 nullam
176 3204 230 3239 non
244 3196 346 3239 notasse
358 3186 477 3240 videatur
487 3200 600 3259 petram.
616 3187 705 3240 Insula
721 3187 853 3258 proxima,
897 3185 932 3239 de
943 3185 1070 3241 lasouroe
1079 3188 1174 3251 meme,
1184 3204 1219 3239 ne
1227 3196 1288 3239 sout
1295 3186 1413 3258 potables
1420 3205 1472 3258 que
1480 3187 1546 3241 daus
1555 3188 1591 3242 les
1600 3200 1685 3261 temps

58 3265 270 3337 quamequidcm
277 3268 415 3339 reperio,a
428 3266 855 3337 Tobmul·distatstadia90,adeo-
898 3265 1008 3331 calmes,
1021 3265 1097 3338 apris
1111 3265 1218 3336 qu’elles
1234 3275 1282 3318 ont
1299 3266 1341 3318 ete
1357 3264 1498 3335 degageea,
1517 3284 1565 3338 par
1577 3267 1685 3322 leurre·

57 3360 111 3414 que
125 3346 158 3397 in
167 3362 275 3399 censum
284 3348 373 3399 venue
385 3348 485 3418 nequit.
499 3349 537 3400 Ut
551 3358 581 3401 ut
593 3358 641 3413 cst,
657 3347 691 3399 de
702 3364 734 3400 eo
747 3347 855 3417 scopulo
898 3346 1101 3410 nouvellement,
1122 3343 1157 3397 de
1166 3344 1331 3397 l'amertume
1341 3360 1393 3414 que
1412 3346 1561 3416 viennenty
1574 3344 1686 3417 deposer

57 3423 99 3476 vel
112 3424 212 3489 insula,
222 3442 301 3495 qnam
312 3426 434 3479 Barthius
442 3425 551 3496 intelligi
563 3426 655 3490 voluit,
665 3437 755 3480 noster
763 3437 855 3481 auctor
897 3424 935 3477 les
947 3426 1006 3479 llots
1020 3424 1054 3477 de
1066 3424 1091 3477 la
1101 3441 1159 3477 mer
1173 3422 1320 3495 lorsqu'elle
1328 3434 1368 3475 est
1379 3424 1472 3492 agitee.
1491 3443 1502 3472 s
1518 3424 1604 3495 Paupe
1612 3425 1686 3479 buno

56 3520 113 3555 non
135 3503 204 3557 mihi
222 3506 347 3574 cogitasse
367 3505 481 3559 videtur.
503 3506 609 3559 Etenim
628 3506 750 3559 Bartbius
766 3505 853 3559 locum
897 3503 998 3557 sontem
1006 3502 1134 3556 alioeasse
1147 3500 1215 3554 duos
1227 3502 1341 3555 minores
1354 3498 1433 3554 donet
1443 3500 1565 3555 barthius
1573 3519 1602 3573 p.
1616 3502 1683 3568 5103

55 3581 202 3637 Stadiasmi
213 3582 249 3638 ita
260 3584 459 3655 interpretatur,
478 3594 510 3637 ut
518 3602 609 3637 sensus
620 3586 655 3637 sit
670 3601 677 3639 :
690 3583 753 3637 κατὰ
766 3588 853 3638 τοῦτον
898 3580 970 3634 idem
985 3591 1077 3634 monet
1091 3597 1186 3651 aquam
1204 3580 1232 3633 in
1244 3596 1349 3633 recessu
1361 3580 1412 3631 isto
1425 3578 1492 3632 adeo
1504 3578 1686 3650 profunditate

55 3662 126 3729 (rba
142 3660 318 3734 Ἀντῑπιιργσι)
329 3664 402 3730 νῆσός
419 3662 471 3717 ἔστι
484 3662 526 3715 atel
539 3661 637 3735 ἐναῦτῇ
650 3662 756 3735 πύργσςρ
772 3680 855 3733 graeca
897 3679 1002 3727 carere,
1017 3672 1047 3715 ut
1063 3660 1150 3714 boum
1169 3670 1263 3732 ponus
1277 3659 1318 3712 rel
1337 3669 1458 3713 veterum
1477 3659 1589 3713 mribus
1606 3659 1686 3713 ἣιίιιι

54 3751 153 3794 autem
164 3743 278 3795 auctoris
290 3741 370 3795 verba
386 3741 535 3811 significant
554 3744 730 3815 Antipyrgum
742 3760 797 3796 esse
811 3746 855 3809 νῆ·
896 3749 1017 3811 nequeat.
1029 3740 1135 3792 -Nou
1152 3738 1230 3808 longe
1240 3756 1257 3791 a
1265 3736 1386 3791 Batrucbi
1400 3748 1481 3809 portu
1490 3755 1612 3791 oceasum
1625 3752 1685 3791 veri

55 3837 103 3871 eos
115 3830 147 3873 et
160 3838 176 3873 e
189 3822 296 3890 regione
313 3820 369 3891 ejus
382 3822 456 3889 (κατ’
478 3819 573 3891 αὐτὴν)
592 3838 647 3874 esse
658 3821 750 3892 πύργοι
765 3821 855 3890 (unde
896 3836 939 3875 eus
956 3820 1048 3871 ruinas
1064 3819 1163 3890 reperit
1183 3816 1320 3883 Bartbius,
1335 3835 1401 3888 quas
1417 3817 1589 3889 probabiliter
1604 3816 1686 3871 refert

57 3897 268 3973 Ἀντῑπυργοςτῇ
288 3900 357 3973 νήσῳ
377 3903 505 3969 nomen).
526 3899 569 3955 Ad
586 3900 655 3953 banc
679 3900 854 3971 Antipyrgum
895 3897 930 3950 ad
949 3898 1128 3962 mansionem,
1149 3914 1208 3967 quae
1226 3898 1254 3950 in
1274 3896 1341 3951 Tab.
1366 3897 1487 3967 Peuting.
1507 3896 1635 3963 Meritis,
1651 3897 1685 3979 'in

56 3981 138 4043 νῆσον
152 3989 245 4032 nautas
257 3978 395 4051 appellere,
407 3996 503 4050 aquam
523 3996 586 4031 vero
597 3996 630 4032 ex
641 3979 762 4049 opposito
780 3978 855 4032 litore
895 3976 993 4046 Geogr.
1009 3978 1074 4030 liar.
1090 3975 1206 4040 Meritis,
1220 3976 1248 4029 in
1264 3976 1356 4030 ltiner.
1373 3992 1401 4046 p.
1416 3974 1685 4046 69.71Mecirasive

55 4055 206 4127 petendam
221 4074 277 4109 ease
287 4057 362 4110 dicit.
375 4060 434 4111 Jam
449 4057 538 4126 igitur,
551 4074 635 4127 quum
655 4056 748 4125 reliqui
763 4074 855 4109 omnes
895 4054 1230 4125 Helem(11elener.l.;an
1239 4052 1305 4122 Ἐλη
1316 4054 1496 4127 apropinquis
1506 4052 1683 4125 paludibusi)

54 4138 231 4207 Antipyrgon
252 4137 281 4188 in
294 4137 446 4190 continente
465 4147 577 4207 ponant,
596 4144 722 4207 praeterea
745 4133 779 4189 de
794 4153 856 4191 vere
895 4144 1006 4187 voeatur
1021 4144 1048 4187 et
1062 4149 1078 4186 ι
1097 4133 1222 4187 Palinuro
1235 4150 1271 4189 ao
1290 4131 1405 4185 millibus
1420 4134 1481 4202 (sic
1492 4132 1567 4196 Itin.;
1585 4132 1618 4185 33
1630 4150 1683 4186 see.

55 4215 160 4281 insula,
176 4232 235 4286 quae
244 4216 272 4269 in
285 4214 336 4268 hoo
350 4216 411 4269 sinu
418 4216 524 4269 stationi
534 4213 705 4269 accommoda
717 4216 759 4279 sit,
771 4216 855 4269 maxi·
894 4212 962 4267 Tab.
976 4215 1053 4267 Peut.
1068 4210 1160 4265 suine
1170 4228 1270 4275 errore,
1282 4208 1426 4263 utvidetur
1435 4208 1445 4281 l
1455 4207 1552 4262 distare
1562 4208 1685 4281 perbibe-

55 4312 174 4365 mopere
187 4290 364 4348 dubitandum
383 4296 417 4348 sit
428 4312 435 4347 :
448 4294 514 4348 nibil
529 4293 600 4347 aliud
618 4294 785 4363 relinquitur,
804 4296 854 4347 nisi
894 4302 950 4345 tur.
967 4294 979 4362 ΙΙ
1003 4320 1040 4333 -
1058 4289 1184 4343 στάδιοι
1195 4288 1253 4359 λ’.]
1277 4287 1429 4342 Secundum
1445 4288 1515 4341 hane
1534 4286 1685 4343 distantiam

55 4384 88 4425 ut
103 4377 183 4441 νῆσος
196 4373 224 4427 h.
236 4372 255 4427 l.
272 4384 414 4445 usurpetur
433 4390 513 4427 sensu
527 4374 599 4427 vocis
615 4372 774 4445 χερσόνησος.
790 4373 854 4427 Ubi·
894 4373 985 4425 Petras
994 4386 1091 4442 parvus
1101 4366 1137 4422 ad
1148 4384 1211 4422 eum
1218 4368 1307 4421 locum
1315 4368 1440 4439 pertinet,
1452 4384 1532 4437 quem
1541 4366 1578 4419 ita
1586 4365 1685 4420 descri-

54 4471 125 4505 nam
135 4470 201 4506 voro
214 4452 366 4506 collocanda
377 4451 551 4506 chersonesus
572 4452 631 4505 illa?
646 4452 807 4522 Cogitaveris
821 4452 855 4506 de
895 4450 935 4505 bit
953 4449 1042 4503 Pacbo
1055 4466 1084 4519 p.
1097 4451 1132 4517 49
1146 4463 1153 4501 :
1167 4468 1179 4498 ι
1199 4448 1277 4500 Deux
1290 4446 1385 4499 beures
1402 4455 1482 4499 avant
1496 4461 1549 4515 que
1557 4442 1686 4498 d’mtver

57 4548 160 4601 inagna
173 4532 345 4596 chersoneso,
359 4548 418 4603 qua
435 4530 554 4585 Tobrouk
564 4532 652 4585 sinum
664 4550 680 4585 a
692 4531 773 4585 borea
786 4530 856 4585 clau·
895 4528 1005 4594 dansoe
1019 4527 1072 4580 lieu
1086 4525 1139 4595 (ad
1151 4525 1273 4581 Batracbi
1290 4534 1383 4596 portus
1399 4524 1506 4592 sinum)
1520 4540 1556 4577 ou
1566 4523 1623 4575 voit
1638 4540 1685 4576 sur

54 4609 109 4664 dit.
126 4614 165 4664 At
184 4612 211 4663 in
225 4628 256 4665 ea
269 4612 371 4663 mansio
388 4612 569 4664 Romanorum
587 4610 680 4681 nequit
695 4608 788 4674 fuisse,
804 4611 854 4661 nisi
895 4604 920 4659 le
937 4606 996 4660 oute
1014 4604 1171 4659 meridional
1183 4604 1219 4659 de
1236 4604 1262 4658 la
1274 4604 1368 4658 nulline
1378 4621 1415 4656 un
1429 4599 1511 4672 grand
1526 4600 1638 4654 nombre
1649 4600 1684 4655 de

55 4688 183 4741 iomanis
197 4688 230 4743 ad
241 4690 364 4743 intimum
381 4690 454 4741 sinus
474 4706 621 4754 ιιιιιιιιιιι,
639 4688 687 4741 ubi
701 4704 774 4741 nuno
794 4699 855 4741 sunt
896 4684 1084 4751 catacumbee,!
1100 4684 1221 4739 nommes
1243 4700 1292 4755 par
1310 4683 1348 4736 les
1370 4681 1470 4736 Ambe
1492 4680 1685 4748 Hoglamtel·

55 4768 185 4821 Arabum
194 4768 291 4821 (rastelli
307 4769 391 4821 rainae
402 4769 413 4836 (
425 4784 585 4840 quamquam
595 4767 635 4820 vel
646 4767 683 4820 ibi
692 4766 855 4819 mansionem
896 4764 1014 4827 Heabes,
1029 4773 1127 4834 grottas
1140 4762 1187 4817 das
1202 4764 1322 4835 prisons;
1334 4771 1360 4816 et
1374 4778 1422 4814 sur
1437 4760 1462 4813 le
1481 4778 1569 4814 revers
1585 4761 1685 4831 oppose

55 4864 116 4900 non
125 4848 327 4917 exspectaveris,
338 4856 366 4899 ut
374 4846 435 4919 jure
445 4856 535 4899 munet
547 4846 669 4900 Bartbius
678 4844 700 4919 ).
714 4846 755 4899 Eo
767 4855 854 4899 autem
896 4844 908 4913 (
919 4842 954 4896 ad
967 4842 1034 4896 latus
1050 4841 1117 4895 mari
1137 4842 1278 4895 obversum
1288 4844 1299 4911 )
1309 4840 1440 4913 plusieurs
1453 4850 1536 4893 uaeas
1553 4837 1588 4891 de
1606 4837 1685 4891 belles

54 4927 86 4977 in
102 4924 168 4977 loco
182 4942 250 4995 aqua
262 4926 389 4997 suppetit,
411 4923 524 4997 ideoque
537 4943 592 4979 non
608 4934 664 4979 erat
683 4940 716 4977 ex
733 4924 855 4995 opposito
896 4921 1047 4976 fondatione
1056 4920 1197 4993 indiquent
1207 4920 1232 4974 lc
1243 4922 1371 4990 gisement
1378 4917 1460 4973 d’une
1468 4919 1596 4972 ancienne
1607 4916 1682 4982 ville,

55 5006 145 5059 litore
165 5002 327 5058 arcessenda.
350 5008 440 5074 Quare
454 5004 481 5059 in
504 5004 600 5058 rastelli
613 5004 673 5057 loon
691 5002 754 5057 obm
768 5004 856 5074 potius
895 5002 1096 5073 probablement
1119 5000 1184 5054 oelle
1208 4999 1243 5054 de
1269 5002 1489 5053 Patren-Parvus.
1516 4998 1566 5050 Ces
1585 5006 1685 5066 grottes

54 5083 71 5135 <i
92 5082 191 5152 πύργος
206 5080 300 5148 luerit,
314 5085 453 5136 stationem
467 5100 531 5140 vero
548 5083 717 5147 maritimam,
733 5082 856 5153 Antipyr-
896 5080 995 5135 oll'reut
1003 5080 1051 5134 des
1061 5079 1251 5152 particularites
1261 5076 1454 5149 remarquablea
1467 5074 1570 5129 imuse
1580 5074 1615 5129 de
1627 5074 1685 5128 leur

55 5180 149 5232 gum,
164 5180 179 5214 e
200 5163 307 5231 regione
328 5161 522 5226 eolloeaverim,
543 5162 570 5213 in
582 5161 669 5215 intimi
689 5162 762 5214 sinus
778 5178 853 5223 acra,
899 5160 964 5231 style
972 5160 1194 5231 greeoegyptien.
1210 5160 1314 5211 Derant
1328 5156 1387 5210 leur
1396 5156 1485 5209 entree
1497 5160 1534 5208 on
1545 5154 1600 5207 voit
1610 5150 1683 5207 ordi·

55 5260 123 5313 quae
140 5241 169 5294 in
180 5240 232 5295 boc
244 5258 355 5296 arenoso
366 5251 451 5297 tractu
465 5240 529 5297 olim
539 5241 621 5311 magis
634 5257 714 5312 quam
727 5258 801 5295 nunc
813 5258 856 5308 νη·
900 5241 1046 5295 nairement
1054 5257 1108 5294 une
1118 5255 1185 5293 eour
1194 5236 1361 5303 deoouaene,
1371 5236 1456 5291 oemte
1463 5233 1529 5289 d'un
1546 5249 1607 5287 mur
1616 5231 1684 5287 dont
