3775 5750
12 5189 17 5230 l

12 5247 15 5272 ι

121 322 222 397 (mn.)

121 453 300 533 ἀκληρηματα
323 453 358 519 εἷς
378 450 424 518 τδις
446 455 492 519 τῆς
516 451 641 519 Βοιωτίας
657 453 744 519 πόλεις
761 452 902 533 κατερρύη.

119 542 154 603 ‘0
167 543 256 621 στίχος
268 539 466 621 Φερεκράτους·

182 672 265 733 ’Λνπερ
274 674 357 732 φρονῇς
367 667 402 727 εὗ,
415 672 484 730 φεῦγε
493 668 535 726 την
548 668 675 717 Βοιωτίαν.

120 784 153 845 ‘ll
171 782 218 859 μέν
232 772 276 840 adv
290 784 341 839 τῶν
359 784 479 841 Βοιωτῶν
492 778 568 859 χώρα
582 780 697 851 τοιαύτη.

159 892 195 931 ιο.
219 869 265 936 Ἐξ
290 868 438 939 Ἀνθηδόνος
459 870 495 933 είς
516 868 638 927 Χαλκίδα
662 867 756 927 στάδια
778 870 809 925 α’·
828 868 906 947 μέχρι

120 964 166 1016 τοῦ
183 956 342 1035 Σαλγανέως
356 956 413 1021 iti<
427 955 500 1035 παρὰ
515 956 558 1015 τὸν
573 955 691 1033 αίγιαλδν
714 954 771 1013 λεία
789 980 818 1015 τε
833 966 905 1015 πᾶσα

122 1047 167 1103 καὶ
188 1044 313 1123 μαλακή·
327 1048 359 1123 τῇ
382 1042 430 1119 μέν
449 1042 600 1109 καθήκουσα
623 1045 659 1110 εἷς
673 1042 816 1117 θάλατταν,
832 1049 864 1123 τῇ
879 1044 906 1103 δέ

121 1134 178 1212 ὄρος
193 1135 242 1212 οὐχ
253 1131 352 1212 ὑψηλὸν
368 1130 415 1205 μὲν
430 1130 546 1211 ἔχουσα,
561 1130 653 1189 λάσιον
668 1130 695 1189 δὲ
705 1131 750 1189 καί
765 1131 841 1191 θδασι
854 1155 906 1203 πη-

121 1220 204 1293 γαίοις
219 1219 391 1299 κατάρρυτον.
434 1220 477 1299 (²7)
492 1218 526 1278 ‘ll
544 1218 571 1277 δέ
591 1222 643 1277 τῶν
665 1218 818 1279 Χαλκιδέων
832 1220 906 1285 πολις

120 1310 176 1365 ε’στὶ
195 1307 242 1384 μέν
257 1306 370 1365 σταδίοιν
386 1304 420 1383 e',
436 1306 532 1382 μείζων
546 1310 592 1377 τῆς
606 1305 633 1373 li
648 1306 795 1377 Ἀνθηδόνος
807 1309 842 1372 εἰς
856 1309 906 1364 αὖ-

119 1394 168 1466 τὴν
192 1394 320 1476 φερούσης
339 1396 415 1453 etot·
434 1394 565 1475 γεώλοφος
586 1394 613 1452 δέ
631 1398 767 1452 πᾶσακαὶ
790 1393 906 1465 σύσκιος,

120 1482 205 1539 θδατα
219 1482 317 1560 ἔχουσα
332 1481 365 1539 τὰ
385 1480 433 1559 μέν
452 1480 538 1540 πολλίι
554 1482 653 1554 διλυκδι,
670 1481 696 1540 ἓν
718 1482 741 1541 δ’
753 1486 841 1561 ἡσυχῆ
859 1482 906 1558 μὲν

119 1569 321 1647 θιτόπλατυ,τῇ
344 1568 371 1627 δέ
385 1567 462 1649 χρείη
477 1568 586 1646 ὑγιεινὸν
610 1569 655 1626 καλ
679 1568 791 1648 ψυχρὸν,
810 1569 840 1628 τὸ
854 1569 907 1627 ἀπὸ

119 1662 167 1727 τῆς
189 1656 288 1737 κρήνης
308 1661 354 1727 τῆς
377 1656 540 1733 καλουμένης
553 1656 707 1736 Ἀρεθούσης
729 1656 785 1737 ῥέον
805 1658 904 1730 ἱκανὸν,

119 1749 157 1811 ὡς
175 1745 320 1823 δυναμένης
333 1744 459 1825 παρέχειν
473 1744 503 1803 τὸ
519 1743 572 1803 ἀπὸ
585 1749 633 1815 τῆς
646 1749 735 1821 πηγῆς
754 1754 827 1821 νᾶμα
840 1754 906 1803 πᾶσι

119 1841 174 1899 τοῖς
191 1834 239 1904 τὴν
254 1832 331 1891 πάλιν
351 1838 512 1893 κατοικοῦσι.
559 1831 604 1911 (aa)
625 1832 678 1891 Kal
700 1834 752 1899 τοῖς
767 1841 860 1901 κοινοῖς
878 1833 905 1891 δέ

121 1926 139 1993 ἡ
155 1922 232 1989 πολις
248 1921 376 2001 διαφόρως
391 1920 600 1980 κατεσκεύασται
615 1920 781 1996 γυμνασίοις,
803 1930 906 1995 στοαῖς,

120 2012 217 2087 ίεροῑς,
242 2008 374 2088 θεάτροις,
396 2008 525 2089 γραφαῖς,
541 2008 675 2087 ἀνδριάσι,
696 2014 729 2089 τῇ
753 2012 837 2089 ἀγορᾷ
853 2033 906 2069 κει·

121 2098 188 2174 μένῃ
207 2096 271 2173 πρὸς
295 2096 341 2161 τὰς
362 2100 414 2155 τῶν
435 2100 565 2176 ίργααιιῖιν
583 2098 673 2175 χρείας
695 2098 907 2177 ἆνυπερθλήτως.

121 2186 168 2261 (ιν)
185 2184 220 2245 Ὁ
233 2184 283 2263 γάρ
304 2184 357 2243 ἀπὸ
371 2189 415 2242 τοῦ
429 2189 475 2255 τῆς
490 2184 617 2251 Βοιωτίας
632 2186 790 2260 Σαλγανέως
803 2185 847 2243 καί
861 2190 908 2257 τῆς

121 2277 174 2329 τῶν
200 2271 322 2332 Εύὸοέων
341 2272 471 2343 θαλάττης
491 2276 549 2351 ῥοῦς
563 2274 598 2339 εἶς
619 2271 647 2329 τὸ
669 2272 733 2329 αὐτὸ
748 2273 907 2349 συμθοίλλων

121 2359 191 2417 κατὰ
211 2360 254 2419 τὸν
280 2358 394 2439 Εὔριπον
409 2362 515 2439 φέρεται
530 2362 595 2440 παρ’
611 2358 678 2417 αὐτὰ
693 2358 726 2417 τδι
746 2365 791 2418 τοῦ
805 2359 908 2437 λιμένος

121 2448 215 2526 τείχη,
236 2447 322 2507 καθ’θ
340 2448 480 2523 συμὸαίνει
503 2446 550 2516 τὴν
567 2449 636 2507 κατδι
654 2446 685 2505 τδ
698 2448 822 2525 ἐμπόριον
842 2439 908 2506 εἶναι

122 2538 220 2609 πύλην,
234 2536 331 2608 ταύτης
345 2537 367 2595 δ’
380 2536 486 2616 ἔχεσθαι
500 2536 546 2608 τὴν
564 2536 662 2615 ἀγοράν
678 2536 804 2595 πλατεῖάν
818 2560 847 2596 τε
861 2528 907 2596 ού-

122 2650 172 2683 σιιν
192 2624 239 2683 καί
261 2634 347 2692 στοαῖς
361 2625 429 2704 τρισὶ
448 2624 669 2701 αυνειλημμένην.
714 2623 844 2703 Σύνεγγυς
862 2618 907 2685 οὖν

123 2711 245 2788 κειμένου
263 2717 309 2783 τῆς
324 2714 420 2793 ἀγορᾶς
442 2717 486 2771 τοῦ
504 2711 607 2789 λιμένος
622 2710 667 2769 καί
690 2712 797 2797 ταχείας
811 2716 856 2783 τῆς
878 2714 908 2771 ἐκ

123 2805 177 2857 τῶν
190 2802 287 2861 πλοίων
305 2798 441 2878 γενομένης
461 2802 512 2857 τῶν
527 2798 637 2880 φορτίων
659 2800 814 2876 ἐκκομιδῆς,
829 2801 909 2867 πολὺς

124 2893 138 2946 θ
150 2887 308 2947 καταπλέων
320 2889 390 2948 ἐστὶν
400 2891 436 2955 εἰς
447 2887 478 2946 τὸ
488 2887 623 2967 ἐμπόριον.
647 2889 702 2949 Καί
711 2887 761 2966 γάρ
771 2893 785 2946 θ
796 2887 909 2967 Εὔριπος

123 2977 212 3035 δισσὸν
228 2977 296 3056 ἔχων
318 2977 361 3036 τὸν
376 2976 498 3036 εἴσπλουν
522 2976 659 3056 ἐφέλκεται
674 2976 718 3035 τὸν
740 2977 855 3056 ἔμπορον
872 2980 908 3044 τίς

121 3065 169 3135 τὴν
184 3065 270 3124 πάλιν.
314 3066 359 3142 (σο)
375 3064 409 3126 Ἡ
423 3065 450 3124 δέ
460 3065 535 3144 χώρα
547 3073 621 3123 πᾶσαι
636 3067 722 3124 αιίτιῗιν
743 3067 910 3146 ίλαιάρυτος,

124 3153 211 3230 ἀγαθὴ
228 3153 254 3211 δέ
270 3153 316 3211 καί
330 3157 346 3224 ἡ
361 3153 488 3212 θάλαττα.
530 3153 565 3213 Ol
581 3155 603 3210 δ’
616 3155 771 3218 ἐνοικοῦντες
780 3150 911 3224 Ἕλληνες

121 3243 151 3298 οὐ
166 3245 205 3321 τῷ
216 3238 285 3316 γένει
300 3240 389 3318 μόνον,
401 3239 470 3299 άλλδι
484 3239 529 3299 καί
539 3245 573 3320 τῇ
585 3245 670 3322 φωνῇ’
682 3244 733 3299 τῶν
745 3241 909 3316 μαθημάτων

123 3328 209 3394 ε’ντός·
224 3325 419 3408 φιλαπόδημοι·
442 3327 638 3408 γραμματικοί·
655 3326 689 3385 rh
714 3327 911 3407 προσπίπτοντα

123 3421 153 3475 ἐκ
168 3421 215 3487 τῆς
230 3416 354 3496 πατρίδος
369 3417 484 3496 δυσχερῆ
497 3415 621 3496 γενναίως
636 3415 763 3497 φέροντες·
778 3415 913 3475 δουλεύον-

123 3589 185 3647 αἱαις
196 3585 290 3638 codex.
305 3587 368 3638 Mox
381 3585 513 3656 Κοροινίᾳ..
531 3584 686 3644 distortae..
703 3583 836 3656 Ὀοχήστιρ
850 3583 910 3637 cod.

126 3669 136 3734 1]
149 3696 186 3706 -
198 3665 444 3736 Φερεκράτους]
462 3667 497 3717 V.
512 3664 631 3717 Meineke
646 3667 689 3718 Fr.
705 3667 781 3718 Com.
795 3675 860 3717 tom.
876 3667 912 3730 tt,

144 3785 149 3795 .
173 3743 235 3806 343,
250 3761 275 3812 7.

122 3761 140 3814 p
159 3827 183 3892 S,
195 3825 240 3875 26.
261 3821 393 3893 λάσιον]
410 3822 496 3876 άλοιον
511 3823 609 3888 codem
624 3841 675 3876 em.
690 3823 856 3887 Holstenius;
873 3821 917 3874 άλ-

124 3921 177 3954 αεσι
186 3902 220 3954 al.
231 3900 307 3954 editt.

161 3985 234 4050 §²7-
247 3981 352 4032 σταδίων
375 3979 409 4046 e',
434 3982 544 4053 μείζων]
564 3983 655 4035 Fuerit
669 3982 737 4035 στάδ.
752 3981 793 4052 οβ’
807 3981 845 4034 vel
863 3979 913 4048 oq',

126 4061 227 4129 μείζων.
240 4059 354 4112 Fuhrius
364 4061 432 4113 inter
443 4061 491 4114 alia
500 4062 625 4132 proponit
633 4061 719 4113 στάδια
728 4061 760 4126 o',
772 4060 802 4112 οὗ
812 4062 913 4131 μείζων,

125 4158 180 4209 ιμιο
189 4157 268 4192 sensu
275 4140 360 4209 aptius
370 4139 437 4192 soret
449 4139 477 4190 οὗ
490 4141 575 4211 μείων.
594 4141 605 4208 ΙΙ
621 4171 658 4180 -
667 4139 829 4193 θπόπλατυ
842 4141 853 4211 ]
868 4139 915 4192 imb

125 4219 205 4271 πλάτα
219 4216 317 4283 υοιίακς
333 4217 458 4289 θπόγλυκο
470 4217 539 4289 conj.
554 4219 685 4283 Gronov„
701 4218 834 4284 Hudson,
845 4218 913 4272 Gaii.

124 4299 224 4367 absque
245 4307 332 4350 cama.
353 4299 364 4366 Ι]
384 4327 421 4339 -
437 4297 474 4360 ὡς
487 4299 686 4368 δυναμένης]
701 4299 773 4352 Fert.
793 4299 917 4352 alterutra

127 4395 177 4428 νον
190 4375 329 4446 ejicienda,
345 4387 390 4429 aut
407 4376 576 4430 scribendum
595 4377 683 4439 ἱκανῶς
696 4377 839 4450 δυναμένης,
850 4376 916 4429 Vul-

126 4457 219 4507 canius
233 4453 308 4508 dedit
321 4457 467 4526 δυνάμενον.

702 320 924 385 bassatium
947 320 1124 381 GttAECtAE.
1678 334 1734 383 res

950 462 1052 513 Graecia
1073 463 1100 513 iu
1120 462 1226 513 Berothe
1245 461 1323 513 urbes
1344 462 1538 514 conduxerunt.
1576 462 1735 515 Pherecratitt

952 564 1062 601 versus:

1004 676 1112 719 Boothm
1121 679 1211 728 cavete,
1223 676 1240 719 si
1251 679 1312 720 recte
1321 676 1387 731 sniis.

950 789 1020 841 Talis
1032 789 1139 859 quidem
1154 792 1305 843 Boeotorum
1317 793 1397 860 regio.

987 880 1031 928 26.
1043 876 1085 929 Ab
1096 875 1253 929 Anthedone
1262 877 1295 929 ad
1303 877 1453 930 Chalcidem
1462 877 1546 931 stadia
1555 882 1717 950 septuaginta
1729 902 1735 945 ;

951 980 1035 1031 mque
1054 961 1088 1013 ad
1108 962 1260 1031 Salganeum
1280 964 1411 1016 tumulum
1429 965 1469 1017 ria
1482 962 1565 1034 ‘juxta
1592 966 1652 1019 litus
1675 967 1736 1019 taeia

951 1048 1038 1100 omnis
1047 1058 1074 1099 et
1082 1048 1178 1110 mollis,
1188 1048 1222 1100 ab
1230 1048 1310 1101 altera
1321 1058 1394 1120 parte
1403 1050 1436 1102 ad
1446 1068 1517 1103 mara
1529 1070 1647 1120 vergens,
1659 1052 1692 1104 ah
1702 1053 1737 1104 al·

951 1142 1007 1185 tera
1020 1144 1137 1186 montem
1151 1134 1250 1186 habens
1267 1152 1320 1186 non
1334 1134 1416 1186 altum
1428 1136 1511 1200 illum,
1524 1137 1662 1189 arboribus
1676 1157 1737 1190 rere

952 1230 1051 1274 tectum
1071 1232 1098 1273 et
1121 1239 1249 1291 aquarum
1274 1222 1391 1274 lontibus
1410 1224 1549 1291 irriguum.
1587 1227 1645 1293 (²7)
1667 1226 1738 1277 Urbs

951 1306 1164 1359 Chalcidensium
1178 1309 1291 1360 circuitu
1305 1319 1344 1361 est
1358 1307 1502 1360 stadiorum
1516 1312 1679 1379 septuaginta
1689 1313 1738 1380 (i)

952 1409 1011 1461 quae
1033 1393 1165 1445 excedunt
1180 1395 1190 1460 (
1200 1412 1257 1464 qnoe
1277 1397 1458 1464 εαιτριιαιιεε)
1479 1394 1670 1462 longitudinem
1689 1398 1738 1449 rim

951 1494 1010 1546 quar
1022 1478 1055 1529 ab
1067 1478 1226 1531 Anthedone
1239 1478 1272 1531 ad
1287 1480 1369 1548 ipsam
1389 1478 1473 1532 ducit.
1511 1480 1613 1533 Clivosa
1627 1492 1681 1534 tota
1699 1494 1738 1536 est

951 1573 978 1613 et
992 1563 1131 1617 arboribus
1151 1564 1324 1628 obumbrata3
1339 1583 1419 1635 aquas
1433 1566 1513 1618 hahet
1531 1566 1657 1637 plurimas
1678 1571 1738 1638 qui·

951 1648 1013 1701 dem
1024 1650 1111 1713 salsas,
1122 1667 1202 1702 utram
1215 1660 1303 1703 autem
1312 1668 1371 1720 quar.
1381 1652 1429 1703 etsi
1444 1652 1499 1722 ipsa
1512 1670 1618 1723 qaoque
1630 1654 1739 1708 subsalsi

951 1735 1079 1806 quiddam
1088 1736 1176 1802 habet,
1187 1748 1274 1790 tamen
1283 1755 1332 1790 usu
1338 1738 1449 1791 salubris
1460 1749 1499 1792 est
1509 1750 1535 1793 et
1545 1740 1649 1809 frigida,
1664 1754 1690 1794 et
1697 1762 1740 1794 co-

952 1824 1024 1894 piose
1033 1822 1100 1875 adeo
1107 1834 1217 1876 marrata
1228 1822 1301 1875 lente
1311 1825 1450 1891 Arethusa,
1461 1837 1491 1877 ut
1500 1826 1612 1879 sufficiat
1618 1830 1741 1881 omnibns

952 1906 1025 1959 urbis
1035 1908 1136 1961 incolis.
1156 1910 1214 1977 (αθ)
1226 1908 1341 1961 Publicis
1349 1927 1454 1980 quoque
1464 1914 1625 1964 ornamentis
1634 1912 1740 1965 abunde

952 1995 1016 2047 urbs
1029 1996 1155 2049 instructa
1168 2005 1224 2061 est,
1239 2006 1269 2049 ut
1282 1998 1432 2067 gymnasiis,
1448 1999 1608 2068 porticibus,
1619 2002 1738 2071 templis,

952 2082 1076 2146 theatris,
1098 2083 1227 2153 picturis,
1239 2084 1346 2146 statuis;
1365 2080 1422 2135 soro
1433 2083 1563 2154 denique,
1578 2085 1654 2155 cujus
1676 2088 1740 2139 situs

953 2179 1129 2220 mercatorum
1141 2168 1175 2220 ad
1184 2186 1246 2221 usus
1255 2169 1421 2221 commodior
1430 2188 1485 2223 asse
1496 2173 1606 2223 omnino
1618 2190 1672 2224 non
1682 2192 1741 2243 pos·

954 2254 997 2306 sit.
1035 2256 1095 2323 (29)
1106 2255 1173 2306 Nam
1185 2256 1231 2324 qui
1242 2272 1258 2306 a
1271 2255 1397 2324 Salganea
1408 2257 1515 2309 Bmotia
1527 2268 1554 2309 et
1574 2276 1589 2310 a
1604 2259 1669 2310 mari
1687 2261 1740 2312 En-

954 2338 1053 2391 boeensi
1070 2341 1178 2393 reniuut
1193 2340 1279 2393 fluxus
1294 2342 1388 2393 marini
1405 2342 1432 2393 iu
1452 2360 1536 2395 unum
1553 2355 1677 2396 coeuntes
1693 2364 1742 2415 per

954 2426 1084 2496 Euripum
1105 2425 1309 2495 serunturjuxta
1323 2428 1378 2498 ipsa
1392 2438 1484 2497 portus
1496 2430 1676 2495 munimenta,
1693 2431 1739 2482 nhi

954 2513 1083 2581 contingit
1101 2530 1157 2565 esse
1172 2523 1276 2583 portam
1296 2514 1425 2584 emporii,
1447 2532 1527 2584 quam
1548 2516 1631 2585 ipsam
1645 2518 1743 2589 excipit

955 2597 1054 2663 iorum,
1063 2599 1147 2651 iatum
1158 2598 1222 2651 illud
1234 2599 1371 2670 tribusque
1380 2601 1526 2670 porticibus
1537 2601 1740 2655 circumdatum.

954 2688 1045 2752 Quum
1057 2685 1145 2755 itaque
1157 2687 1294 2755 proximus
1308 2687 1341 2738 sit
1356 2685 1414 2737 loro
1425 2697 1528 2757 portus,
1540 2696 1566 2738 et
1585 2685 1665 2739 facilis
1679 2706 1742 2740 one-

955 2788 1043 2823 rume
1066 2771 1178 2823 naribus
1201 2783 1324 2835 rectura,
1345 2772 1452 2842 plurimi
1478 2771 1512 2825 ad
1530 2774 1678 2843 emporium
1699 2793 1743 2825 ve·

955 2864 1033 2917 niunt
1047 2880 1054 2916 ε
1069 2864 1134 2934 quin
1148 2863 1227 2916 etiam
1242 2864 1373 2935 Euripus,
1389 2862 1522 2934 duplicem
1537 2864 1636 2917 halrens
1650 2866 1743 2918 introi-

956 2964 1024 3018 tum,
1038 2953 1099 3006 lacit
1110 2964 1141 3006 ut
1150 2965 1307 3007 mercatores
1314 2955 1408 3006 urbem
1418 2953 1595 3024 frequentent.
1610 2957 1667 3024 (30)
1677 2958 1745 3010 Tota

955 3064 1048 3098 eorum
1060 3047 1133 3116 regio
1141 3046 1204 3098 oleis
1215 3048 1331 3110 consita;
1343 3063 1417 3098 mare
1429 3047 1507 3099 etiam
1519 3047 1620 3116 largum
1633 3051 1643 3115 (
1653 3049 1742 3119 pirea-

957 3140 1038 3206 tera)
1061 3139 1161 3208 praehet
1171 3150 1344 3209 proventum.
1382 3139 1477 3191 Incolae
1498 3141 1582 3192 Gracci
1598 3150 1675 3203 sunt,
1690 3159 1745 3192 non

957 3246 1052 3298 genere
1064 3231 1161 3297 solum,
1173 3232 1218 3284 sed
1230 3235 1308 3286 ctiam
1320 3251 1451 3298 sermone,
1463 3235 1577 3286 scientiis
1591 3233 1683 3299 dediti,
1699 3253 1744 3305 pe·

958 3324 1108 3391 regrinandi
1122 3325 1222 3395 cupidi,
1237 3325 1372 3380 literarum
1384 3327 1492 3391 curiosi,
1506 3327 1744 3397 incommodaque

957 3414 993 3466 ob
1004 3417 1115 3486 patriam
1125 3419 1262 3487 patiuntur
1275 3417 1378 3472 sortiter
1390 3417 1510 3472 serentes.
1549 3424 1571 3473 Α
1583 3419 1662 3490 longo
1673 3422 1744 3473 enim

1682 3541 1740 3550 -ae

958 3587 1107 3639 varietatem
1131 3598 1266 3640 notaverat
1282 3589 1408 3644 Μίδειαν,
1426 3590 1437 3657 Ι]
1454 3619 1490 3629 -
1505 3589 1746 3660 δουλεύοντες]

963 3689 973 3708 ι
983 3667 1048 3717 Eam
1055 3665 1233 3718 conditionem
1239 3666 1388 3720 Dodnellus
1393 3666 1492 3737 dejuge
1500 3667 1648 3732 Cassandri,
1657 3669 1748 3721 durio-

960 3745 997 3796 ris
1006 3742 1107 3796 domini
1119 3763 1199 3815 qnam
1218 3747 1366 3798 Demetrius
1379 3747 1518 3800 Phalereus
1530 3747 1589 3811 luit,
1605 3747 1749 3817 intelligen-

963 3821 1024 3876 dam
1034 3841 1088 3875 esse
1099 3834 1124 3876 et
1133 3824 1314 3877 Dicaearchum
1324 3825 1383 3878 talia
1391 3825 1510 3897 prolerre
1517 3827 1631 3896 potuisse
1640 3826 1749 3880 adnota-

965 3903 1011 3966 vit,
1032 3902 1104 3972 quod
1121 3904 1248 3956 Demetrii
1264 3913 1338 3956 atate
1354 3905 1497 3958 Dicarchea
1508 3905 1668 3958 dominantis
1678 3925 1750 3959 man·

960 3981 1125 4034 suetudinem
1146 4000 1180 4036 ne
1198 3983 1295 4036 imitari
1316 3983 1423 4053 quidem
1442 3986 1557 4054 potuisse
1576 3986 1747 4053 cognovisset.

959 4063 1076 4113 Marxius
1088 4073 1174 4115 aretem
1186 4063 1242 4114 hac
1250 4061 1329 4114 rerba
1337 4061 1370 4114 ad
1381 4063 1580 4116 Atheniensium
1592 4063 1750 4116 dominatio·

959 4159 1035 4205 nem,
1060 4141 1156 4211 quihus
1170 4141 1272 4193 Chalcis
1282 4142 1410 4211 paruisset
1423 4143 1434 4208 (
1448 4141 1508 4194 coll.
1530 4140 1653 4212 Thueyd.
1673 4145 1749 4206 vltt,

960 4220 993 4286 95
1008 4219 1035 4290 ),
1051 4219 1100 4282 vel,
1114 4219 1141 4271 id
1153 4218 1225 4288 quod
1239 4218 1400 4289 probabilius
1409 4231 1484 4283 esset,
1496 4219 1529 4272 ad
1542 4221 1624 4273 Phoxi
1638 4231 1663 4273 et
1676 4223 1750 4273 linti-

960 4300 1054 4351 leontis
1067 4297 1242 4369 tyrannidem,
1266 4297 1340 4367 cujus
1361 4299 1512 4351 Aristoteles
1528 4299 1605 4352 Polit.
1618 4302 1654 4364 V,
1671 4300 1697 4364 3,
1720 4318 1751 4352 ra

961 4379 1121 4430 mentionem
1132 4377 1243 4440 laceret,
1259 4377 1394 4429 reserenda
1404 4396 1458 4429 esse
1472 4379 1638 4431 existimarit.
1653 4404 1663 4423 ι
1680 4380 1751 4430 Fon·

963 4474 1034 4509 ιιιιιε.
1042 4455 1093 4509 Sed
1101 4457 1196 4509 lmrum
1206 4457 1272 4508 nihil
1283 4456 1436 4527 pertinetad
1448 4467 1549 4509 atatem
1561 4459 1660 4521 Nostri,
1673 4476 1751 4528 (quem

163 4536 238 4601 §aa
254 4553 290 4586 κο
300 4537 402 4606 ινοῖς]
421 4540 503 4604 κοινῆς
525 4534 584 4589 cod.
600 4536 661 4604 11-
679 4540 717 4608 τῇ
736 4535 860 4607 δγόρᾳ]
883 4538 920 4588 sie
963 4545 1022 4605 pest
1035 4535 1250 4588 Demetriadema
1260 4536 1395 4587 Demetrio
1402 4533 1685 4587 Poliorceteeonditam
1692 4539 1752 4588 seri.

126 4611 222 4677 codex,
242 4617 272 4684 τῇ
283 4613 305 4665 τ’
318 4611 397 4684 ἀγορᾷ
409 4614 483 4668 editt.
501 4615 511 4684 Ι]
523 4645 559 4654 -
572 4615 697 4685 κειμένη
714 4618 722 4686 ]
740 4617 856 4686 κειμένων
877 4633 920 4668 co-
964 4615 1044 4684 psisse
1062 4625 1174 4667 constat.
1189 4614 1292 4667 Chalcis
1301 4611 1439 4666 Cassandri
1453 4611 1574 4682 prasidio
1588 4625 1713 4684 occupata
1727 4616 1753 4664 in

127 4692 196 4756 τίεις
211 4709 264 4744 em.
285 4691 398 4745 Vulcan.
411 4713 418 4757 ;
431 4695 529 4764 κειμένη
551 4693 633 4746 Fuhr.

163 4773 236 4838 529.
249 4768 311 4821 κατὰ
325 4770 367 4822 τον
381 4769 437 4841 Εὗρ.
447 4772 457 4843 ]
469 4772 510 4824 καλ
522 4771 565 4825 τὀν
580 4771 637 4843 Εὗρ.
653 4772 752 4838 codea5
767 4790 818 4825 em.
834 4774 919 4826 Marx.

965 4693 1110 4748 libertatem
1135 4713 1151 4746 a
1170 4695 1306 4746 Demetrio
1327 4692 1472 4746 Poliorcete
1496 4691 1628 4744 vindicata
1648 4703 1687 4744 est
1709 4693 1752 4743 (ll.

970 4789 1029 4840 119,
1045 4789 1069 4823 1.
1084 4771 1134 4833 304
1150 4771 1284 4838 (Diodor.
1301 4772 1363 4835 XX,
1382 4787 1441 4833 100,
1455 4775 1471 4822 6
1486 4773 1506 4840 ).
1522 4771 1638 4838 Quando
1652 4771 1701 4822 suh
1709 4771 1753 4841 jn-

129 4849 305 4901 hlarislluxus
315 4867 396 4920 usque
406 4849 438 4902 ad
451 4853 580 4922 Euripum
595 4851 764 4923 duplexerat,
776 4850 923 4921 unusjuata
967 4869 1029 4921 gum
1045 4850 1083 4902 rel
1095 4849 1256 4902 hlaoedoniae
1271 4868 1377 4918 regum,
1393 4849 1433 4902 rel
1442 4859 1614 4920 tyrannorum
1637 4849 1753 4912 redierit,

129 4929 924 5002 BoeotieamorametSalganeum,alter-juxtaEuboeamase·
969 4931 1107 4982 nescimus.
1144 4929 1200 4982 Sub
1216 4929 1291 4981 initia
1313 4929 1366 4981 lere
1388 4930 1463 4998 regni
1496 4929 1619 4996 Antigoni
1645 4929 1755 4980 Gonane

131 5007 284 5078 ptentrione
292 5005 443 5062 decurrens.
458 5011 469 5078 ll
481 5041 517 5050 —
531 5009 583 5062 τδν
597 5009 759 5082 ἔμπορον]
780 5012 816 5063 sic
825 5009 919 5074 codex,
969 5012 980 5076 (
994 5009 1124 5077 circa27o
1137 5005 1276 5077 >Chalcidi
1297 5007 1435 5078 prefectus
1448 5018 1503 5060 emt
1524 5005 1680 5069 Alexander,
1693 5009 1755 5059 Cra·

134 5104 187 5138 non
199 5085 243 5137 τὀν
255 5084 382 5155 ἐμπόριον,
393 5099 422 5140 ut
431 5099 471 5141 est
481 5089 506 5139 in
519 5088 594 5141 editt.
606 5091 699 5142 illamii
710 5103 735 5144 et
747 5091 835 5155 Gailii,
846 5107 924 5164 quam
970 5089 1029 5151 teri,
1045 5087 1090 5156 qui
1104 5085 1182 5138 irater
1204 5087 1328 5155 Antigoni
1341 5088 1411 5139 Gon.
1434 5097 1498 5149 erat,
1511 5085 1578 5137 silius
1593 5085 1601 5154 ί
1623 5085 1715 5137 Snidas
1730 5105 1755 5137 ν.

136 5165 273 5217 lectionem
288 5165 386 5219 eodieis
400 5186 455 5252 esse
472 5169 534 5220 olim
547 5168 724 5234 credideram,
740 5170 810 5240 ιμιειιΙ
830 5171 924 5223 titillant
972 5167 1105 5236 Εὖρορίων.
1128 5168 1256 5236 Dehisce.
1283 5165 1435 5218 Hellenism.
1457 5169 1493 5232 11,
1514 5184 1540 5237 p.
1563 5166 1613 5216 215
1634 5176 1689 5218 aiot.
1704 5169 1724 5233 ).
1743 5167 1754 5233 ][
