3775 5750
112 372 147 453 ρ)
824 374 1024 440 cantatus.
1716 402 1735 453 s

112 500 185 582 ραᾶν
195 524 225 561 τε
236 503 325 582 τεῖχος
336 498 383 562 xel
403 500 506 577 Γῦττην
527 502 573 565 καὶ
586 501 685 587 bins
701 502 747 564 ael
761 502 897 566 Μίλιτταν
940 533 989 571 on
1004 534 1098 572 murus
1113 528 1142 573 et
1155 518 1237 592 Gytte
1255 532 1283 576 et
1299 525 1369 577 Aera
1389 534 1417 579 et
1436 524 1537 581 Melitta
1556 526 1694 605 (Metita)
1709 540 1735 585 et

109 586 316 670 mt'apuptuv.
944 604 1084 662 Anmbvs.

149 698 174 737 ⁸·
196 680 329 739 [launo
343 678 367 737 δ’
382 678 536 759 ἇνῦχθὲντῑς
551 678 666 759 vllium
682 679 726 740 lul
740 679 824 761 μέγαν
844 704 898 741 πο-
978 698 1005 748 6.
1025 664 1096 747 Hinc
1110 696 1192 750 evecti
1206 696 1241 750 ad
1260 700 1357 754 Lixum
1373 701 1473 757 ilumen
1486 722 1613 776 magnum
1626 704 1733 763 deveni·

109 764 196 845 ταμὸν
208 764 305 841 bstux,
316 766 369 827 tat
380 772 427 841 τῆς
435 766 535 841 attiae
547 766 651 850 picata.
694 767 774 849 Παρὰ
784 768 806 829 δ’
818 767 898 829 αὐτὸν
940 796 1012 845 mars,
1022 780 1096 851 quod
1108 800 1125 835 e
1141 782 1225 855 Libya
1233 784 1302 839 fluit.
1339 788 1419 841 Juxta
1433 788 1461 841 id
1473 790 1599 845 nomades
1611 793 1732 849 homines

109 943 244 987 servatum
262 952 319 988 esse
332 933 410 991 docet
423 938 569 1008 saepiusque
580 938 649 991 inter
658 936 777 991 locorum
791 939 901 993 nomina
945 939 1051 1008 Qnibm
1067 959 1185 996 consona
1197 943 1255 997 bec
1267 945 1345 999 Plinii
1356 947 1393 1010 V,
1411 962 1424 1001 r
1442 964 1449 1001 ε
1465 948 1510 1003 Ibi
1516 949 1600 1018 sorno
1609 952 1734 1007 exsistere

110 1031 261 1079 notumne,
282 1024 313 1067 ut
330 1016 359 1069 in
377 1014 462 1069 Geder
479 1015 555 1087 (ios.
571 1032 614 1081 ra,
632 1017 663 1069 13
675 1016 696 1089 ),
718 1015 898 1089 Gedera(1d.
946 1029 1018 1071 certo
1028 1018 1145 1087 uestigia
1157 1020 1276 1075 Minati
1289 1022 1420 1094 quondam
1432 1026 1484 1079 soii
1497 1027 1682 1101 vinearumque
1694 1049 1734 1085 re·

113 1098 156 1161 15,
178 1097 213 1151 36
224 1097 246 1169 ),
259 1096 346 1151 Gedor
358 1097 367 1171 (
378 1097 420 1151 Id.
447 1098 489 1162 15,
508 1098 582 1171 58),
603 1099 722 1164 Godam,
743 1099 831 1155 Gadir
846 1101 902 1155 sire
947 1094 1056 1167 liqru'os.
1074 1096 1126 1153 Sed
1139 1098 1268 1154 Strabone
1279 1101 1347 1155 nihil
1359 1106 1516 1174 expressius,
1528 1108 1575 1179 qui
1592 1110 1620 1161 in
1633 1111 1733 1165 Mauri·

112 1175 228 1229 Gedira.
243 1177 346 1229 Verum
357 1174 461 1230 admitti
479 1177 536 1231 brec
548 1188 694 1249 nequeunt,
709 1194 792 1249 quum
803 1178 900 1251 Peripli
946 1175 1019 1227 unia
1031 1174 1121 1243 reiert,
1139 1194 1173 1230 ex
1190 1178 1303 1233 aliorum
1316 1179 1379 1248 lide,
1394 1184 1466 1235 nasci
1481 1185 1560 1239 vitem
1579 1196 1634 1241 tarn
1652 1194 1734 1245 craasi

110 1256 257 1309 nomtioni
272 1266 431 1327 repugnent.
450 1257 518 1309 Nam
537 1255 601 1311 inde
613 1276 630 1311 a
639 1256 695 1329 Safi
706 1256 780 1309 urbis
793 1258 853 1311 sinn
866 1256 901 1311 ad
946 1251 1073 1320 caudicia,
1088 1268 1119 1309 ut
1137 1273 1196 1310 eam
1207 1256 1263 1311 duo
1278 1259 1399 1313 hemines
1415 1262 1460 1313 vix
1473 1262 1673 1334 amplectantur,
1691 1286 1734 1321 ra·

110 1334 221 1403 Aguder
237 1333 322 1389 stadia
343 1344 406 1389 sunt
418 1353 499 1407 supra
518 1336 589 1389 mille
600 1346 628 1390 et
640 1334 764 1401 ducenta,
779 1353 839 1408 quar
855 1336 900 1391 vix
946 1349 1034 1386 oemos
1044 1334 1169 1389 cubitales
1176 1353 1367 1409 ennumquam
1376 1339 1575 1411 producentem.
1589 1369 1600 1390 ·
1610 1346 1733 1400 uocan-

109 1412 228 1467 duorum
242 1412 358 1479 dierum,
381 1412 481 1468 nedum
502 1415 592 1478 unius,
611 1416 777 1486 navigatione
798 1416 900 1470 etnetiri
946 1428 1006 1465 ros.
1023 1415 1170 1469 Moremitu
1186 1432 1215 1487 p.
1237 1416 1288 1470 ⁵52
1303 1416 1370 1490 (qui
1383 1420 1506 1492 pleraque
1518 1422 1641 1477 Bochnn
1654 1444 1734 1480 eona·

109 1494 208 1547 Hanno
219 1504 331 1565 poterat.
344 1493 386 1547 Cs.
399 1501 456 1547 not.
470 1492 504 1547 ed
516 1512 541 1546 v.
557 1494 632 1565 Ἄκρα
656 1496 667 1563 ΙΙ
681 1524 717 1535 -
728 1492 826 1561 Purra
837 1496 847 1563 ]
860 1496 901 1547 De
946 1491 1019 1545 mina
1026 1493 1493 1567 etymologicatanquamtemeraria,
1500 1499 1601 1573 rejicit)
1613 1502 1733 1575 Ἄραρὸυς

109 1571 336 1627 bacalinndenon
344 1582 455 1638 constat,
463 1572 514 1625 nisi
522 1572 685 1627 icrtecadem
693 1581 797 1643 eatque
804 1572 901 1626 Gadda
946 1568 1018 1624 idem
1029 1590 1085 1627 esse
1094 1593 1192 1628 nomen
1204 1586 1293 1629 censet
1305 1577 1379 1650 quod
1391 1579 1534 1653 lldpcpiue5
1549 1581 1650 1636 literam
1662 1586 1690 1639 K
1702 1586 1735 1639 in

108 1650 209 1705 dieitur
229 1654 258 1705 in
271 1654 370 1722 Gecgr.
394 1654 512 1705 hacun.
531 1668 558 1723 p.
575 1656 638 1721 769,
655 1651 701 1705 ubi
715 1667 722 1705 ι
743 1650 898 1717 Torntesida,
945 1662 1038 1705 nocuo
1057 1653 1166 1707 nomine
1182 1654 1223 1708 vel
1232 1657 1342 1727 periisse
1358 1657 1400 1712 vel
1413 1657 1541 1730 abjectam
1551 1678 1616 1715 esce.
1631 1662 1733 1735 Κάραμ-

108 1732 181 1795 Salo,
194 1730 334 1793 Gentiano,
343 1730 488 1794 Bodoilien,
502 1729 678 1793 Bobiscienis,
686 1730 775 1801 Aquis
784 1728 898 1795 Βαιίοἱε,
946 1726 988 1790 ius
997 1741 1096 1799 autem,
1111 1744 1205 1787 notum
1221 1735 1298 1789 Ponti
1308 1738 1532 1807 promontorium,
1545 1756 1628 1811 quum
1648 1743 1677 1795 in
1692 1761 1733 1797 re·

108 1808 194 1879 Beda,
219 1808 380 1873 Tocolosicn,
392 1808 524 1883 natatili,
539 1808 690 1873 Boniuricis,
706 1806 812 1872 Gadda,
824 1809 898 1873 Bati,
945 1809 1024 1877 aium
1036 1812 1071 1864 sit
1091 1812 1120 1864 in
1142 1829 1195 1883 qua
1207 1813 1287 1867 Cares
1309 1814 1460 1869 consedisse
1481 1827 1593 1883 constet,
1612 1820 1646 1872 ab
1668 1823 1732 1893 ipsis

108 1888 232 1956 Argenti.
254 1890 296 1942 Dc
318 1888 428 1941 nomine
451 1890 615 1942 Roouaarus
638 1904 645 1941 ε
666 1912 678 1935 ι
700 1888 780 1961 Gytta
802 1905 900 1943 nomen
944 1886 1057 1941 Caribus
1077 1892 1116 1943 sic
1131 1889 1234 1945 dicmm
1254 1910 1310 1947 esse
1329 1894 1486 1966 Κάρ-αρὸυν,
1507 1899 1732 1967 quemadmodum

108 1968 189 2022 babet
201 1986 218 2022 a
230 1984 309 2039 pecu,
323 1978 354 2023 ut
366 1966 450 2021 crea
458 1966 523 2021 urbs
533 1967 700 2039 Πολυρρηνὶα,
715 1984 796 2039 quam
809 1968 847 2021 sic
855 1984 900 2039 ap·
944 1964 995 2019 alia
1011 1968 1090 2021 Ponti
1108 1968 1164 2024 loca
1183 1972 1237 2023 aiot
1250 1970 1377 2042 lidp-oucu
1400 1973 1540 2045 (Scylaxs
1556 1977 1628 2049 89),
1644 1978 1731 2049 Καρῶν

106 2048 198 2118 pellaei
207 2046 300 2101 scribit
308 2045 455 2119 Stephanus
468 2044 517 2101 tat
528 2050 573 2101 τοῦ
589 2046 672 2101 πολλὰ
686 2045 900 2117 §insectemini
944 2041 1022 2115 λιμήν
1035 2045 1161 2118 (Arriam
1181 2049 1278 2121 Peripl.
1300 2052 1379 2105 Pont.
1390 2050 1412 2127 ),
1425 2053 1532 2124 [inp-oie
1546 2053 1630 2126 (Ptol.
1646 2060 1700 2124 III,
1714 2061 1730 2113 5

108 2127 221 2197 πρὸὃατα
237 2125 315 2196 ἔχειν.
328 2128 429 2198 Nempe
439 2126 510 2197 Syris
522 2142 576 2193 m,
590 2126 661 2194 getii,
673 2136 712 2179 est
720 2142 811 2197 peon,
823 2124 899 2197 cujus
943 2139 973 2193 p.
987 2141 1037 2195 199
1048 2124 1069 2197 ).
1081 2126 1156 2181 Idem
1165 2129 1246 2198 igittu
1254 2129 1333 2183 etiam
1345 2128 1379 2183 de
1391 2141 1483 2185 nocuo
1494 2130 1553 2185 loce>
1562 2136 1731 2192 sutnendum

107 2206 210 2277 plurale
229 2218 309 2295 pm,
326 2202 437 2272 gittlin.
461 2204 514 2259 Sed
531 2215 631 2259 veterae
652 2206 710 2259 aine
722 2204 899 2276 adspiratione
943 2220 1017 2269 csse,
1037 2203 1117 2277 idque
1133 2217 1209 2261 tanto
1220 2210 1313 2275 tutius,
1329 2226 1412 2280 quum
1425 2211 1505 2281 Cam
1519 2208 1575 2282 jam
1591 2214 1619 2266 in
1633 2214 1732 2286 Καρικῶ

107 2287 280 2358 anmi.
295 2284 361 2339 nne
372 2285 443 2339 cati
457 2284 650 2339 arianorum
673 2285 701 2338 in
719 2284 841 2357 rotyno,
852 2287 899 2339 n»
943 2283 1022 2353 τεεχιι
1032 2283 1294 2357 denumerans.
1307 2288 1371 2341 nee
1383 2275 1732 2363 manumittenti

107 2366 190 2437 sepho
204 2362 899 2437 etStepbcnoGittadicitur,etaPlinioGettoe.Ejns
943 2360 1043 2417 videas.

108 2447 225 2498 nominis
239 2445 379 2499 luitctiam
391 2444 514 2498 Samariae
529 2445 613 2511 vicus,
627 2461 643 2497 e
657 2460 712 2515 quo
723 2444 814 2499 Simon
827 2443 899 2515 apud
979 2444 995 2510 ς
1015 2446 1043 2497 6.
1061 2442 1172 2515 blica]
1191 2446 1350 2500 Notissimus
1369 2456 1410 2501 eat
1428 2447 1494 2501 alter
1513 2448 1593 2519 hujus
1614 2455 1731 2509 nominis

107 2524 255 2589 Justinnm,
271 2522 451 2594 Epiphanium
465 2533 491 2576 ct
506 2525 646 2575 Zonaram.
662 2547 674 2569 ι
694 2524 705 2594 ΙΙ
724 2552 761 2565 -
780 2522 897 2594 Ἀκραν]
943 2518 1050 2589 fluvius,
1064 2524 1154 2595 quiad
1167 2524 1232 2579 bod.
1244 2526 1338 2579 urbem
1352 2526 1468 2580 tamen
1481 2528 1508 2580 in
1520 2530 1655 2584 Oceanum
1664 2536 1729 2589 exit.

111 2626 122 2647 ·
138 2602 214 2675 Ἄκρα
226 2613 266 2656 est
281 2616 363 2679 mpn
377 2602 481 2665 Hakru,
497 2600 525 2654 id
540 2612 580 2655 est
598 2619 659 2665 arx,
679 2600 793 2655 munitio
807 2626 832 2654 ι.
847 2603 899 2655 Βο-
942 2599 1014 2654 Vide
1029 2612 1086 2657 not.
1099 2603 1133 2658 ad
1146 2604 1245 2676 Scylac.
1260 2608 1347 2675 5112.
1358 2606 1484 2659 Nostrum
1501 2624 1607 2679 quoque
1618 2610 1730 2667 fluvium

108 2700 241 2747 emens,
251 2680 370 2755 exempla
382 2684 462 2735 etiam
479 2679 580 2733 addens
591 2679 688 2735 elibris
698 2682 778 2734 sacris
793 2678 899 2735 dmum-
943 2678 1016 2736 idem
1025 2682 1117 2755 &ylen
1130 2694 1269 2749 memorat,
1286 2686 1337 2739 nisi
1352 2683 1426 2756 quod
1441 2684 1526 2739 codex
1536 2704 1587 2757 pro
1599 2688 1667 2753 Λίξος
1684 2692 1730 2747 ha.

106 2772 163 2833 pta,
178 2780 237 2833 quae
249 2760 344 2817 afferre
353 2760 462 2831 longum
475 2770 514 2815 eet
522 2779 572 2815 nce
579 2761 682 2815 attinet.
695 2762 800 2814 Nomen
813 2762 897 2828 urbis,
943 2758 989 2813 bet
997 2760 1074 2827 Ξιῶν,
1082 2764 1214 2817 nescioan
1223 2780 1313 2817 errore
1323 2762 1433 2816 librarii.
1442 2764 1597 2830 Heerenius,
1607 2768 1728 2823 Manner·

106 2842 161 2895 sive
172 2843 269 2907 versio,
282 2852 312 2895 ut
323 2850 398 2914 puto,
409 2842 465 2894 sive
476 2840 613 2912 corruptio
623 2841 694 2894 vocis
705 2839 896 2912 phoeniciiesit,
943 2848 996 2907 tus,
1017 2842 1131 2913 lilugius
1147 2860 1204 2896 ease
1217 2853 1325 2897 censent
1345 2841 1506 2897 hodiernum
1527 2844 1591 2901 iluv.
1615 2848 1729 2918 Tensift,

106 2923 211 2991 egregie
223 2919 336 2993 quadrat
348 2921 376 2974 in
394 2921 475 2974 situm
495 2919 700 2990 Agoderurbis,
720 2917 795 2990 cujus
810 2921 898 2992 paullo
942 2938 1023 2993 quem
1034 2923 1153 2977 Phthutb
1160 2925 1215 2977 aive
1223 2923 1293 2977 Pbut
1300 2925 1354 2977 sive
1363 2925 1415 2978 Fut
1422 2923 1588 2990 Ptolemaeus,
1600 2929 1730 3003 Jcsepbus

106 3017 188 3072 supra
207 3001 326 3054 memini.
347 3003 481 3054 locurum
490 3011 586 3052 natura
599 2999 632 3052 ab
646 3001 720 3054 omni
734 3001 759 3052 vi
772 3010 828 3054 tuta
841 3011 896 3066 est;
942 3000 1078 3058 dPlinius
1091 3014 1202 3068 vocam,
1217 3003 1407 3072 Bougainvillio
1421 3014 1461 3057 cat
1472 3002 1521 3057 iiio
1534 3002 1643 3069 d'Oum,
1660 3010 1730 3078 quie

105 3092 216 3152 portum
224 3080 336 3134 habetet
343 3082 451 3134 narium
462 3081 602 3134 stationem
610 3080 638 3132 in
645 3090 700 3134 tcta
709 3080 758 3133 bac
767 3097 814 3134 ora
821 3080 899 3151 longe
942 3080 1032 3133 medio
1042 3079 1147 3136 deserto
1157 3083 1185 3135 in
1201 3100 1273 3135 mare
1282 3081 1435 3152 egreditun
1446 3081 1598 3136 Gosselinas
1615 3083 1730 3157 denique

105 3163 253 3232 optimam
275 3159 444 3232 circumjacet
465 3170 492 3214 ct
509 3159 544 3213 ad
565 3158 700 3213 desertum
720 3177 804 3230 imque
827 3171 898 3232 putet
942 3159 1081 3214 Hannonis
1092 3163 1189 3215 Lixum
1205 3178 1260 3213 non
1271 3159 1405 3213 obversum
1422 3178 1479 3213 esse
1498 3163 1622 3231 opinatur
1634 3163 1668 3217 ab
1684 3165 1730 3219 illo

105 3241 180 3309 regio
187 3239 294 3303 vitibus,
302 3239 387 3304 clivia
398 3239 454 3292 aliis
461 3239 588 3292 arborum
601 3238 741 3308 generibus
747 3239 895 3306 abundans,
941 3239 988 3309 qui
999 3249 1038 3292 eet
1045 3239 1218 3311 apudurbem
1228 3239 1353 3294 ancie.
1367 3240 1430 3292 Hac
1439 3240 1529 3292 omnia
1539 3249 1638 3294 temere
1647 3241 1728 3310 dicta,

104 3320 218 3389 argenti,
237 3319 309 3385 icen,
320 3320 396 3390 cupri
411 3319 484 3372 venis
492 3316 575 3383 dives,
587 3317 655 3371 coelc
669 3317 753 3384 beata,
765 3337 896 3373 commer-
941 3334 1029 3388 neque
1050 3318 1130 3388 engen
1150 3337 1210 3389 quae
1225 3317 1383 3371 refutentur.
1406 3317 1530 3370 Dubitari
1549 3321 1642 3389 nequit
1663 3323 1729 3392 quin

104 3401 233 3452 eliseum
254 3399 386 3452 interioris
405 3397 501 3452 Africae
518 3397 623 3468 populis
640 3399 777 3450 nectendis
791 3416 896 3452 accom-
942 3397 1024 3450 Lixus
1039 3397 1119 3450 bodie
1132 3398 1223 3450 sitaut
1242 3395 1321 3449 Onnd
1331 3399 1420 3468 Noun,
1436 3406 1466 3448 ut
1477 3396 1623 3450 Moversius
1632 3416 1659 3469 p.
1677 3401 1729 3464 548
1823 3426 1827 3433 ·

105 3476 297 3542 modetiasima,
318 3493 404 3548 eoque
425 3477 534 3529 nomine
551 3474 616 3529 olim
638 3473 709 3546 apud
733 3477 897 3546 Portugallos
941 3477 1042 3540 statuit,
1065 3487 1120 3541 aut,
1139 3475 1213 3548 quod
1226 3475 1327 3540 malim,
1353 3473 1432 3528 Ouod
1445 3478 1531 3537 Droa,
1555 3477 1601 3546 qui
1619 3478 1648 3530 in
1661 3477 1726 3533 bod.

104 3556 187 3622 clara,
202 3567 229 3610 et
249 3574 335 3628 nuper
351 3575 368 3610 a
384 3554 516 3610 Jacksonu
528 3553 620 3625 Anglis
638 3554 692 3610 suis
712 3555 897 3612 commendata
940 3557 1078 3625 provincia
1086 3559 1166 3609 Noun
1179 3554 1213 3609 ad
1225 3557 1313 3626 ipsum
1328 3552 1439 3608 limitem
1458 3553 1554 3608 deserti
1567 3556 1595 3608 in
1615 3573 1688 3610 mare
1701 3576 1730 3612 se

107 3635 116 3704 (
127 3637 164 3688 V.
178 3635 302 3690 Jackaon.
320 3637 339 3690 l.
354 3635 373 3689 l.
391 3653 419 3707 p.
437 3637 480 3688 18.
494 3651 538 3688 ao.
558 3634 592 3712 ia
611 3652 670 3705 sqq.
693 3639 755 3688 uati.
779 3636 894 3690 Movere.
940 3646 1052 3689 eructat.
1066 3636 1186 3690 Primum
1196 3636 1269 3689 enim
1281 3633 1374 3706 Scylax
1383 3652 1400 3688 a
1409 3634 1532 3688 Soloente
1543 3638 1729 3706 promontorio

105 3714 124 3767 l.
136 3714 188 3787 1.).
202 3717 310 3786 Fugisse
321 3714 492 3786 multiplicem
505 3713 574 3766 banc
583 3715 808 3784 opportunitatem
819 3715 896 3768 Phoe·
940 3713 975 3767 ad
986 3717 1082 3769 Lixum
1093 3715 1204 3770 fluvium
1218 3714 1411 3784 navigationem
1424 3731 1481 3768 ease
1493 3711 1559 3767 dicit
1568 3713 1672 3769 dierum
1688 3735 1728 3771 sc·

104 3795 179 3846 nicea
190 3805 217 3848 et
226 3794 453 3864 Carthaginienses
467 3793 527 3863 quis
540 3791 648 3846 demum
663 3791 825 3846 crediderit?
841 3795 896 3848 ilc·
940 3803 1023 3864 ptem,
1034 3793 1062 3847 id
1072 3804 1121 3860 eet,
1131 3813 1184 3848 sec.
1194 3794 1306 3865 Scylacis
1314 3802 1480 3864 computum,
1490 3791 1636 3846 stadiorum
1647 3795 1726 3851 3500.

105 3871 151 3925 elie
160 3875 233 3943 regio
244 3874 293 3926 ista
302 3876 491 3926 vocaturSuse.
503 3869 832 3942 llwltliltrrovffijus
839 3871 896 3942 jain
940 3874 1000 3926 Jam
1018 3873 1104 3925 sium
1125 3871 1318 3942 longitudinem
1338 3873 1554 3943 apremontorio
1577 3872 1671 3926 (eratin
1694 3874 1731 3929 ad

106 3952 245 4006 lleoetaens
254 3953 374 4004 meminit
384 3968 427 4024 ap.
438 3951 545 4020 sanyr.
559 3949 699 4016 ιΜὲλισσα,
708 3951 779 4014 πόλις
787 3951 893 4018 Arbion,
940 3954 1017 4005 Dran
1037 3951 1148 4005 fluvium
1169 3952 1197 4004 in
1217 3953 1319 4024 mappis
1339 3951 1483 4004 maritimis·
1498 3953 1624 4017 metiaris,
1645 3952 1732 4006 stadia

109 4029 245 4094 Ἑκαταῖος
267 4029 342 4102 Ἆσῐᾳ.
363 4027 522 4098 ‘Ocinl'rnp
541 4027 701 4090 Μελισσαῖος·
722 4028 738 4098 ἡ
756 4032 828 4101 χώρα
842 4031 895 4086 Με·
940 4029 1050 4083 babebis
1062 4029 1134 4084 3300
1143 4040 1170 4083 et
1185 4029 1259 4102 qnod
1267 4030 1392 4083 excunit.
1406 4028 1510 4084 Deinde
1518 4031 1615 4084 Hanno
1630 4048 1645 4084 a
1660 4031 1734 4085 Lixo.

105 4109 217 4162 icamia.
230 4134 243 4156 ι
255 4111 364 4164 Melitta
374 4108 414 4162 vel
427 4095 535 4172 eandm
546 4107 643 4162 Melita
652 4110 759 4180 proprie
766 4111 896 4180 significat
940 4109 1043 4163 solvens
1054 4106 1108 4176 τὴν
1121 4108 1242 4180 ἐρήμην
1258 4109 1500 4181 pwtmnavigavit;
1513 4107 1646 4161 doeenum
1664 4127 1728 4164 vern

105 4187 242 4241 mlicatam
251 4187 356 4253 udiem,
370 4187 392 4240 si
405 4186 486 4239 verbo
501 4183 581 4239 datur
591 4188 676 4252 venia,
695 4185 722 4240 id
733 4199 782 4254 est,
801 4190 828 4242 in
843 4208 896 4262 qua
940 4189 1034 4259 incipit
1050 4207 1066 4242 a
1084 4190 1160 4240 Dran
1178 4187 1269 4240 ilario.
1284 4189 1370 4240 Porro
1389 4203 1475 4239 unum
1497 4187 1595 4239 Lixum
1616 4185 1727 4240 fluvium

105 4265 248 4320 condenda
256 4267 370 4320 multum
379 4266 456 4319 calcis
467 4266 501 4318 sit
510 4263 660 4318 adhibitum
670 4263 711 4318 vel
718 4266 744 4318 in
752 4275 896 4322 structuras
940 4265 1078 4336 bucusque
1089 4264 1184 4336 Peripli
1194 4273 1287 4317 numne
1298 4263 1444 4316 nominavit
1453 4273 1479 4315 et
1492 4281 1558 4316 voce
1569 4263 1604 4332 pi
1610 4281 1648 4333 γα
1655 4283 1666 4323 ς
1674 4262 1733 4316 dis*

107 4345 238 4399 ueletiam
252 4346 279 4398 in
298 4347 416 4400 tectoria.
437 4344 522 4398 Radix
533 4331 606 4407 ubo
620 4343 695 4396 caelet
712 4347 842 4420 reperitur
852 4350 895 4401 Je-
940 4345 1046 4414 tinguit,
1055 4343 1123 4397 adeo
1129 4353 1159 4396 ut
1167 4360 1221 4414 pne
1230 4342 1323 4395 ceteris
1332 4351 1424 4394 notatu
1432 4340 1528 4412 dignas
1537 4339 1615 4392 luisse
1621 4339 1726 4395 delen.

106 4446 175 4481 rem.
186 4428 233 4492 43,
246 4443 323 4498 9pm
334 4433 461 4480 caemento
472 4441 504 4476 ex
513 4434 627 4477 arenaet
636 4422 714 4477 ealce.
727 4448 738 4470 ι
756 4425 893 4480 mensae.
940 4427 981 4478 Ac
993 4441 1055 4476 sane
1069 4425 1145 4475 Dens
1154 4421 1251 4474 liunus
1262 4421 1331 4472 inter
1344 4437 1446 4484 omncs,
1464 4419 1511 4489 qui
1524 4417 1654 4472 adesce-to
1665 4432 1729 4474 sunt

105 4509 167 4560 Non
181 4505 299 4560 arrident
308 4505 374 4559 hac.
390 4506 510 4558 Fortasse
521 4521 538 4556 a
550 4502 638 4557 colore
655 4501 783 4557 albicante
793 4503 893 4571 litoris,
939 4501 1049 4556 boream
1056 4518 1157 4566 umus,
1168 4500 1249 4570 longe
1254 4500 1384 4552 maximus
1395 4508 1443 4564 est,
1454 4497 1520 4551 adeo
1529 4508 1559 4549 ut
1567 4514 1660 4550 curatas
1670 4497 1732 4551 lon.

107 4587 206 4656 inquo
225 4586 276 4637 sita
293 4583 365 4650 urbe,
384 4599 485 4636 nomen
501 4591 578 4634 naua
595 4591 644 4634 est.
665 4580 787 4634 Ceterum
799 4583 895 4635 rectius
940 4579 1062 4652 qitudinc
1077 4578 1117 4632 vel
1131 4579 1255 4632 Rhenum
1272 4587 1387 4649 superet.
1402 4579 1435 4630 In
1455 4576 1579 4631 interiore
1592 4576 1676 4648 Libya
1693 4596 1731 4636 ex

106 4664 187 4717 setabi
216 4663 308 4718 Mite
326 4673 407 4736 puto,
437 4659 532 4714 collato
554 4661 661 4713 nomine
685 4658 781 4713 Melitae
805 4661 896 4716 insulae
940 4659 1046 4715 Atlante
1059 4677 1135 4712 orsus
1146 4657 1284 4712 meridiem
1298 4673 1388 4708 vasus
1407 4653 1490 4707 lemur
1499 4653 1628 4726 usquead
1643 4658 1730 4726 regio-

108 4743 252 4814 (mite),
272 4760 332 4815 quae
352 4744 416 4795 item
437 4739 593 4795 Pboenicunt
612 4749 670 4792 erat
691 4737 803 4793 colonia.
826 4741 838 4809 ΙΙ
861 4771 896 4784 -·
940 4757 1003 4793 nem
1019 4737 1125 4792 doeerto
1141 4738 1304 4809 proximam
1321 4734 1385 4786 binc
1407 4733 1477 4786 llexo
1494 4751 1585 4791 versus
1604 4752 1726 4787 occasum

108 4821 281 4894 Ἄραρὸυν]
293 4823 368 4875 lianc
377 4817 484 4874 aliunde
495 4837 547 4873 non
559 4813 690 4872 novimus.
708 4843 719 4864 ι
735 4817 896 4891 Arambyna
941 4837 1021 4872 eamn
1032 4818 1119 4871 lacurn
1137 4815 1263 4870 Debninm
1277 4814 1380 4877 transit,
1394 4811 1509 4884 indeque
1516 4811 1592 4883 juxta
1608 4812 1727 4866 solitudi-

106 4903 160 4954 situ
168 4912 234 4972 puto
244 4919 349 4954 vocasse
358 4899 643 4988 Pltoenicespanp-an
655 4898 807 4962 tamenin,
821 4917 896 4952 mon·
941 4915 989 4951 nes
1003 4896 1109 4950 labitur.
1124 4898 1249 4949 Praeterea
1265 4893 1362 4970 Hanno
1375 4909 1459 4962 quum
1477 4889 1549 4944 dicat
1566 4892 1663 4944 Lixum
1678 4889 1727 4942 dab

107 4992 161 5034 tent
173 4998 298 5046 uvarum,
308 4980 352 5034 vel
360 4993 475 5048 :up-m
488 4977 620 5042 lametii,
632 4987 748 5031 montem
764 4978 897 5033 racemiie·
940 4981 985 5044 τῆς
995 4977 1082 5044 leiim
1092 4974 1144 5046 isit
1154 4993 1169 5027 e
1180 4972 1325 5037 montibus,
1337 4988 1405 5042 quos
1416 4970 1551 5042 AEtbinpes
1559 4967 1727 5043 Troglodpae

106 5078 185 5126 ruam
201 5061 267 5114 vites
281 5059 398 5114 luissein
418 5058 654 5112 illielocisconstat
667 5073 700 5109 ex
715 5056 820 5128 Periplu
834 5056 896 5130 Scy·
942 5056 1077 5110 incolant:
1100 5055 1188 5107 innuit
1206 5070 1237 5106 se
1251 5053 1278 5104 in
1302 5051 1409 5120 regione
1430 5050 1536 5113 ner-san,
1558 5064 1618 5118 quse
1636 5046 1727 5116 Libyae

107 5140 170 5192 lacis
182 5141 198 5207 ς
210 5155 271 5204 tta,
284 5140 331 5210 qui
347 5137 381 5192 (le
394 5139 486 5192 vicinis
499 5137 673 5207 [scaneins.
688 5153 725 5189 se.
739 5138 748 5204 ]
764 5135 895 5208 AEthiopi·
941 5137 1054 5189 cretione
1067 5136 1138 5188 vocis
1149 5150 1228 5186 sensu
1243 5132 1280 5183 sic
1292 5127 1369 5183 dicte
1380 5148 1434 5182 non
1446 5128 1557 5198 amplius
1565 5125 1726 5179 accensenda

106 5220 158 5274 bus
180 5219 216 5274 ita
234 5218 312 5274 linbct
326 5234 334 5272 ι
349 5215 420 5274 οἶνον
438 5217 465 5272 δὲ
487 5221 583 5272 ποιοῦσι
599 5215 677 5273 nolin
699 5214 746 5270 inb
767 5213 893 5287 ἀμπέλων.
941 5234 997 5270 esse
1008 5213 1091 5268 videri
1099 5223 1218 5286 poterat3
1228 5212 1353 5283 qamipsa
1364 5227 1470 5281 quoquc
1478 5205 1511 5261 ad
1521 5203 1616 5259 deserti
1626 5202 1727 5256 accolas
