<?xml version="1.0" encoding="UTF-8"?>
<!DOCTYPE html PUBLIC "-//W3C//DTD XHTML 1.0 Transitional//EN"
    "http://www.w3.org/TR/xhtml1/DTD/xhtml1-transitional.dtd">
<html xmlns="http://www.w3.org/1999/xhtml" xml:lang="en" lang="en">
 <head>
  <title>
</title>
<meta http-equiv="Content-Type" content="text/html;charset=utf-8" />
  <meta name='ocr-system' content='tesseract 3.04.00' />
  <meta name='ocr-capabilities' content='ocr_page ocr_carea ocr_par ocr_line ocrx_word'/>
</head>
<body>
  <div class='ocr_page' id='page_1' title='image "./geographigraeci00unkngoog_0022.png"; bbox 0 0 3775 5750; ppageno 0'>
   <div class='ocr_carea' id='block_1_1' title="bbox 895 354 1197 421">
    <p class='ocr_par' dir='ltr' id='par_1_1' title="bbox 895 354 1197 421">
     <span class='ocr_line' id='line_1_1' title="bbox 895 354 1197 421; baseline -0.02 0"><span class='ocrx_word' id='word_1_1' title='bbox 895 354 1197 421; x_wconf 73' lang='lat' dir='ltr'>recisamentis.</span> 
     </span>
    </p>
   </div>
   <div class='ocr_carea' id='block_1_2' title="bbox 240 482 1849 1131">
    <p class='ocr_par' dir='ltr' id='par_1_2' title="bbox 240 482 1849 1131">
     <span class='ocr_line' id='line_1_2' title="bbox 240 482 1847 572; baseline -0.007 -17"><span class='ocrx_word' id='word_1_2' title='bbox 240 497 302 555; x_wconf 80' lang='lat' dir='ltr'>haec</span> <span class='ocrx_word' id='word_1_3' title='bbox 313 494 430 572; x_wconf 90' lang='lat' dir='ltr'>quidem</span> <span class='ocrx_word' id='word_1_4' title='bbox 439 494 586 572; x_wconf 78' lang='lat' dir='ltr'>pertinent</span> <span class='ocrx_word' id='word_1_5' title='bbox 596 510 688 569; x_wconf 86' lang='lat' dir='ltr'>usque</span> <span class='ocrx_word' id='word_1_6' title='bbox 698 490 736 549; x_wconf 92' lang='lat' dir='ltr'>ad</span> <span class='ocrx_word' id='word_1_7' title='bbox 749 491 799 549; x_wconf 91' lang='lat' dir='ltr'>fol.</span> <span class='ocrx_word' id='word_1_8' title='bbox 813 492 867 563; x_wconf 76' lang='lat'>175</span> <span class='ocrx_word' id='word_1_9' title='bbox 877 510 940 548; x_wconf 86' lang='lat' dir='ltr'>rao.</span> <span class='ocrx_word' id='word_1_10' title='bbox 953 488 1025 547; x_wconf 90' lang='lat' dir='ltr'>lnde</span> <span class='ocrx_word' id='word_1_11' title='bbox 1065 488 1179 545; x_wconf 84' lang='lat' dir='ltr'>casdem</span> <span class='ocrx_word' id='word_1_12' title='bbox 1191 485 1346 545; x_wconf 77' lang='lat' dir='ltr'><strong>Vaticanus</strong></span> <span class='ocrx_word' id='word_1_13' title='bbox 1358 502 1474 563; x_wconf 88' lang='lat' dir='ltr'>quoque</span> <span class='ocrx_word' id='word_1_14' title='bbox 1488 482 1575 571; x_wconf 89' lang='lat' dir='ltr'>habet</span> <span class='ocrx_word' id='word_1_15' title='bbox 1591 483 1750 561; x_wconf 83' lang='lat' dir='ltr'>vacuisque</span> <span class='ocrx_word' id='word_1_16' title='bbox 1766 484 1847 543; x_wconf 89' lang='lat' dir='ltr'>modo</span> 
     </span>
     <span class='ocr_line' id='line_1_3' title="bbox 242 577 1847 663; baseline -0.007 -14"><span class='ocrx_word' id='word_1_17' title='bbox 242 612 260 649; x_wconf 89' lang='lat' dir='ltr'>a</span> <span class='ocrx_word' id='word_1_18' title='bbox 282 590 332 649; x_wconf 89' lang='lat' dir='ltr'>fol.</span> <span class='ocrx_word' id='word_1_19' title='bbox 357 590 411 661; x_wconf 86' lang='lat'>176</span> <span class='ocrx_word' id='word_1_20' title='bbox 437 588 483 651; x_wconf 66' lang='lat' dir='ltr'>li..</span> <span class='ocrx_word' id='word_1_21' title='bbox 494 589 630 663; x_wconf 88' lang='lat' dir='ltr'>leguntur</span> <span class='ocrx_word' id='word_1_22' title='bbox 649 586 842 663; x_wconf 87' lang='lat' dir='ltr'>geographica</span> <span class='ocrx_word' id='word_1_23' title='bbox 868 584 1022 655; x_wconf 85' lang='lat' dir='ltr'>Marciani,</span> <span class='ocrx_word' id='word_1_24' title='bbox 1068 583 1189 657; x_wconf 86' lang='lat' dir='ltr'>integris</span> <span class='ocrx_word' id='word_1_25' title='bbox 1204 582 1318 659; x_wconf 79' lang='lat' dir='ltr'>paginis</span> <span class='ocrx_word' id='word_1_26' title='bbox 1334 580 1421 640; x_wconf 89' lang='lat' dir='ltr'>modo</span> <span class='ocrx_word' id='word_1_27' title='bbox 1436 580 1538 658; x_wconf 89' lang='lat' dir='ltr'>spatiis</span> <span class='ocrx_word' id='word_1_28' title='bbox 1553 577 1718 637; x_wconf 89' lang='lat' dir='ltr'>minorihus</span> <span class='ocrx_word' id='word_1_29' title='bbox 1731 578 1847 637; x_wconf 86' lang='lat' dir='ltr'>indicat.</span> 
     </span>
     <span class='ocr_line' id='line_1_4' title="bbox 241 672 1845 762; baseline -0.009 -18"><span class='ocrx_word' id='word_1_30' title='bbox 241 686 381 762; x_wconf 87' lang='lat' dir='ltr'>Scylacis,</span> <span class='ocrx_word' id='word_1_31' title='bbox 395 682 513 753; x_wconf 77' lang='lat' dir='ltr'>Isidori,</span> <span class='ocrx_word' id='word_1_32' title='bbox 528 681 664 758; x_wconf 82' lang='lat' dir='ltr'>Dionysii</span> <span class='ocrx_word' id='word_1_33' title='bbox 676 694 705 737; x_wconf 89' lang='lat' dir='ltr'>et</span> <span class='ocrx_word' id='word_1_34' title='bbox 725 679 885 738; x_wconf 70' lang='lat' dir='ltr'>Dicaearchi</span> <span class='ocrx_word' id='word_1_35' title='bbox 898 692 927 736; x_wconf 90' lang='lat' dir='ltr'>et</span> <span class='ocrx_word' id='word_1_36' title='bbox 948 698 1024 737; x_wconf 92' lang='lat' dir='ltr'>ano-</span> <span class='ocrx_word' id='word_1_37' title='bbox 1065 677 1191 751; x_wconf 85' lang='lat' dir='ltr'>Margini</span> <span class='ocrx_word' id='word_1_38' title='bbox 1211 677 1364 753; x_wconf 83' lang='lat' dir='ltr'>adscriptae</span> <span class='ocrx_word' id='word_1_39' title='bbox 1385 687 1453 734; x_wconf 89' lang='lat' dir='ltr'>sunt</span> <span class='ocrx_word' id='word_1_40' title='bbox 1474 674 1589 752; x_wconf 75' lang='lat' dir='ltr'>pagina·</span> <span class='ocrx_word' id='word_1_41' title='bbox 1614 672 1754 731; x_wconf 79' lang='lat' dir='ltr'>editionis</span> <span class='ocrx_word' id='word_1_42' title='bbox 1778 674 1845 747; x_wconf 81' lang='lat' dir='ltr'>llqc·</span> 
     </span>
     <span class='ocr_line' id='line_1_5' title="bbox 242 767 1846 858; baseline -0.009 -19"><span class='ocrx_word' id='word_1_43' title='bbox 242 781 323 858; x_wconf 89' lang='lat' dir='ltr'>nymi</span> <span class='ocrx_word' id='word_1_44' title='bbox 346 791 454 856; x_wconf 80' lang='lat' dir='ltr'>poetae,</span> <span class='ocrx_word' id='word_1_45' title='bbox 481 777 545 835; x_wconf 88' lang='lat' dir='ltr'>sive</span> <span class='ocrx_word' id='word_1_46' title='bbox 567 776 667 834; x_wconf 91' lang='lat' dir='ltr'>eodem</span> <span class='ocrx_word' id='word_1_47' title='bbox 684 776 788 835; x_wconf 90' lang='lat' dir='ltr'>ordine</span> <span class='ocrx_word' id='word_1_48' title='bbox 809 776 910 833; x_wconf 92' lang='lat' dir='ltr'>eadem</span> <span class='ocrx_word' id='word_1_49' title='bbox 926 774 1026 833; x_wconf 91' lang='lat' dir='ltr'>omnia</span> <span class='ocrx_word' id='word_1_50' title='bbox 1066 771 1235 842; x_wconf 79' lang='lat' dir='ltr'>schelianae,</span> <span class='ocrx_word' id='word_1_51' title='bbox 1249 770 1326 829; x_wconf 90' lang='lat' dir='ltr'>haud</span> <span class='ocrx_word' id='word_1_52' title='bbox 1347 768 1469 827; x_wconf 87' lang='lat' dir='ltr'>dnbiea</span> <span class='ocrx_word' id='word_1_53' title='bbox 1486 767 1565 825; x_wconf 90' lang='lat' dir='ltr'>Luca</span> <span class='ocrx_word' id='word_1_54' title='bbox 1582 767 1749 839; x_wconf 88' lang='lat' dir='ltr'>llolstenio,</span> <span class='ocrx_word' id='word_1_55' title='bbox 1764 769 1846 845; x_wconf 86' lang='lat' dir='ltr'>cujus</span> 
     </span>
     <span class='ocr_line' id='line_1_6' title="bbox 242 861 1846 952; baseline -0.007 -19"><span class='ocrx_word' id='word_1_56' title='bbox 242 895 307 952; x_wconf 74' lang='lat' dir='ltr'>quae</span> <span class='ocrx_word' id='word_1_57' title='bbox 323 873 436 952; x_wconf 73' lang='lat' dir='ltr'>prabet</span> <span class='ocrx_word' id='word_1_58' title='bbox 456 874 548 932; x_wconf 82' lang='lat' dir='ltr'>codex</span> <span class='ocrx_word' id='word_1_59' title='bbox 568 872 730 931; x_wconf 79' lang='lat' dir='ltr'>Parisinus.</span> <span class='ocrx_word' id='word_1_60' title='bbox 748 870 891 941; x_wconf 85' lang='lat' dir='ltr'>Lacunas,</span> <span class='ocrx_word' id='word_1_61' title='bbox 911 889 976 946; x_wconf 78' lang='lat' dir='ltr'>quae</span> <span class='ocrx_word' id='word_1_62' title='bbox 994 868 1025 926; x_wconf 94' lang='lat' dir='ltr'>in</span> <span class='ocrx_word' id='word_1_63' title='bbox 1067 884 1184 923; x_wconf 87' lang='lat' dir='ltr'>manum</span> <span class='ocrx_word' id='word_1_64' title='bbox 1211 864 1365 939; x_wconf 88' lang='lat' dir='ltr'>agnovisse</span> <span class='ocrx_word' id='word_1_65' title='bbox 1395 861 1469 919; x_wconf 89' lang='lat' dir='ltr'>mihi</span> <span class='ocrx_word' id='word_1_66' title='bbox 1498 861 1612 935; x_wconf 87' lang='lat' dir='ltr'>videor,</span> <span class='ocrx_word' id='word_1_67' title='bbox 1631 862 1729 939; x_wconf 87' lang='lat' dir='ltr'>etqui</span> <span class='ocrx_word' id='word_1_68' title='bbox 1753 863 1846 931; x_wconf 89' lang='lat' dir='ltr'>solus,</span> 
     </span>
     <span class='ocr_line' id='line_1_7' title="bbox 243 958 1849 1043; baseline -0.007 -15"><span class='ocrx_word' id='word_1_69' title='bbox 243 970 395 1028; x_wconf 85' lang='lat' dir='ltr'>volumine</span> <span class='ocrx_word' id='word_1_70' title='bbox 404 968 615 1027; x_wconf 85' lang='lat' dir='ltr'>Parisinoortae</span> <span class='ocrx_word' id='word_1_71' title='bbox 622 979 690 1025; x_wconf 87' lang='lat' dir='ltr'>sunt</span> <span class='ocrx_word' id='word_1_72' title='bbox 700 965 925 1043; x_wconf 84' lang='lat' dir='ltr'>quaternionum</span> <span class='ocrx_word' id='word_1_73' title='bbox 930 964 1025 1041; x_wconf 88' lang='lat' dir='ltr'>jactu·</span> <span class='ocrx_word' id='word_1_74' title='bbox 1066 975 1206 1040; x_wconf 89' lang='lat' dir='ltr'>quantum</span> <span class='ocrx_word' id='word_1_75' title='bbox 1221 962 1326 1033; x_wconf 86' lang='lat' dir='ltr'>sciam,</span> <span class='ocrx_word' id='word_1_76' title='bbox 1339 974 1406 1039; x_wconf 88' lang='lat' dir='ltr'>post</span> <span class='ocrx_word' id='word_1_77' title='bbox 1419 958 1617 1019; x_wconf 84' lang='lat' dir='ltr'>lloeschelium</span> <span class='ocrx_word' id='word_1_78' title='bbox 1635 977 1670 1017; x_wconf 86' lang='lat' dir='ltr'>eo</span> <span class='ocrx_word' id='word_1_79' title='bbox 1688 958 1769 1017; x_wconf 94' lang='lat' dir='ltr'>libro</span> <span class='ocrx_word' id='word_1_80' title='bbox 1782 978 1849 1019; x_wconf 86' lang='lat' dir='ltr'>usus</span> 
     </span>
     <span class='ocr_line' id='line_1_8' title="bbox 243 1058 1118 1131; baseline -0.005 -9"><span class='ocrx_word' id='word_1_81' title='bbox 243 1083 276 1122; x_wconf 89' lang='lat' dir='ltr'>ra</span> <span class='ocrx_word' id='word_1_82' title='bbox 300 1076 330 1123; x_wconf 89' lang='lat' dir='ltr'>ct</span> <span class='ocrx_word' id='word_1_83' title='bbox 354 1064 418 1123; x_wconf 88' lang='lat' dir='ltr'>folii</span> <span class='ocrx_word' id='word_1_84' title='bbox 441 1062 649 1121; x_wconf 75' lang='lat' dir='ltr'>dilaceratione</span> <span class='ocrx_word' id='word_1_85' title='bbox 670 1073 699 1119; x_wconf 91' lang='lat' dir='ltr'>et</span> <span class='ocrx_word' id='word_1_86' title='bbox 730 1060 881 1118; x_wconf 91' lang='lat' dir='ltr'>literarum</span> <span class='ocrx_word' id='word_1_87' title='bbox 904 1058 1024 1131; x_wconf 89' lang='lat' dir='ltr'>detritu,</span> <span class='ocrx_word' id='word_1_88' title='bbox 1066 1069 1118 1119; x_wconf 87' lang='lat' dir='ltr'>est.</span> 
     </span>
    </p>
   </div>
   <div class='ocr_carea' id='block_1_3' title="bbox 241 383 289 427">
    <p class='ocr_par' dir='ltr' id='par_1_3' title="bbox 241 383 289 427">
     <span class='ocr_line' id='line_1_9' title="bbox 241 383 289 427; baseline -0.021 -1"><span class='ocrx_word' id='word_1_89' title='bbox 241 383 289 427; x_wconf 81' lang='lat' dir='ltr'>xit</span> 
     </span>
    </p>
   </div>
   <div class='ocr_carea' id='block_1_4' title="bbox 922 1204 1176 1255">
    <p class='ocr_par' dir='ltr' id='par_1_4' title="bbox 922 1204 1176 1255">
     <span class='ocr_line' id='line_1_10' title="bbox 922 1204 1176 1255; baseline -0.008 0"><span class='ocrx_word' id='word_1_90' title='bbox 922 1204 1006 1255; x_wconf 79' lang='lat' dir='ltr'>codex</span> <span class='ocrx_word' id='word_1_91' title='bbox 1020 1204 1176 1254; x_wconf 75' lang='lat' dir='ltr'>Monacensis.</span> 
     </span>
    </p>
   </div>
   <div class='ocr_carea' id='block_1_5' title="bbox 240 1324 1853 2935">
    <p class='ocr_par' dir='ltr' id='par_1_5' title="bbox 240 1324 1853 2935">
     <span class='ocr_line' id='line_1_11' title="bbox 283 1324 1849 1402; baseline -0.003 -12"><span class='ocrx_word' id='word_1_92' title='bbox 283 1326 848 1391; x_wconf 65' lang='lat' dir='ltr'>roattercodexexsutttonacensisli.</span> <span class='ocrx_word' id='word_1_93' title='bbox 858 1325 927 1398; x_wconf 83' lang='lat'>566,</span> <span class='ocrx_word' id='word_1_94' title='bbox 938 1344 1025 1402; x_wconf 94' lang='lat' dir='ltr'>quem</span> <span class='ocrx_word' id='word_1_95' title='bbox 1113 1345 1159 1382; x_wconf 90' lang='lat'>10.</span> <span class='ocrx_word' id='word_1_96' title='bbox 1174 1325 1325 1384; x_wconf 84' lang='lat' dir='ltr'>Nonnulla</span> <span class='ocrx_word' id='word_1_97' title='bbox 1334 1326 1366 1385; x_wconf 92' lang='lat' dir='ltr'>in</span> <span class='ocrx_word' id='word_1_98' title='bbox 1381 1325 1426 1385; x_wconf 89' lang='lat' dir='ltr'>his</span> <span class='ocrx_word' id='word_1_99' title='bbox 1440 1325 1533 1384; x_wconf 89' lang='lat' dir='ltr'>titulis</span> <span class='ocrx_word' id='word_1_100' title='bbox 1545 1324 1581 1384; x_wconf 91' lang='lat' dir='ltr'>de</span> <span class='ocrx_word' id='word_1_101' title='bbox 1595 1344 1648 1385; x_wconf 85' lang='lat' dir='ltr'>suo</span> <span class='ocrx_word' id='word_1_102' title='bbox 1662 1339 1765 1385; x_wconf 88' lang='lat' dir='ltr'>auctor</span> <span class='ocrx_word' id='word_1_103' title='bbox 1777 1328 1849 1387; x_wconf 90' lang='lat' dir='ltr'>intu-</span> 
     </span>
     <span class='ocr_line' id='line_1_12' title="bbox 241 1418 1850 1497; baseline -0.002 -14"><span class='ocrx_word' id='word_1_104' title='bbox 241 1426 486 1485; x_wconf 85' lang='lat' dir='ltr'>llervuartianum</span> <span class='ocrx_word' id='word_1_105' title='bbox 504 1435 610 1481; x_wconf 86' lang='lat' dir='ltr'>vocant</span> <span class='ocrx_word' id='word_1_106' title='bbox 625 1425 662 1479; x_wconf 91' lang='lat' dir='ltr'>ab</span> <span class='ocrx_word' id='word_1_107' title='bbox 677 1421 791 1481; x_wconf 82' lang='lat' dir='ltr'>loanne</span> <span class='ocrx_word' id='word_1_108' title='bbox 807 1419 936 1496; x_wconf 87' lang='lat' dir='ltr'>Georgio</span> <span class='ocrx_word' id='word_1_109' title='bbox 952 1418 1023 1477; x_wconf 88' lang='lat' dir='ltr'>ller-</span> <span class='ocrx_word' id='word_1_110' title='bbox 1069 1419 1104 1478; x_wconf 92' lang='lat' dir='ltr'>lit</span> <span class='ocrx_word' id='word_1_111' title='bbox 1124 1421 1228 1497; x_wconf 87' lang='lat' dir='ltr'>(quem</span> <span class='ocrx_word' id='word_1_112' title='bbox 1250 1420 1448 1479; x_wconf 85' lang='lat' dir='ltr'>lloeschelium</span> <span class='ocrx_word' id='word_1_113' title='bbox 1469 1421 1558 1480; x_wconf 89' lang='lat' dir='ltr'>fuisse</span> <span class='ocrx_word' id='word_1_114' title='bbox 1571 1420 1655 1479; x_wconf 88' lang='lat' dir='ltr'>valde</span> <span class='ocrx_word' id='word_1_115' title='bbox 1671 1426 1765 1480; x_wconf 92' lang='lat' dir='ltr'>miror</span> <span class='ocrx_word' id='word_1_116' title='bbox 1776 1424 1803 1495; x_wconf 81' lang='lat' dir='ltr'>l,</span> <span class='ocrx_word' id='word_1_117' title='bbox 1824 1438 1850 1483; x_wconf 91' lang='lat' dir='ltr'>ut</span> 
     </span>
     <span class='ocr_line' id='line_1_13' title="bbox 241 1513 1850 1595; baseline -0.001 -17"><span class='ocrx_word' id='word_1_118' title='bbox 241 1532 358 1591; x_wconf 87' lang='lat' dir='ltr'>vuarto,</span> <span class='ocrx_word' id='word_1_119' title='bbox 374 1519 426 1593; x_wconf 89' lang='lat' dir='ltr'>qui</span> <span class='ocrx_word' id='word_1_120' title='bbox 441 1515 599 1575; x_wconf 84' lang='lat' dir='ltr'>lloeschelii</span> <span class='ocrx_word' id='word_1_121' title='bbox 614 1530 745 1595; x_wconf 90' lang='lat' dir='ltr'>tempore</span> <span class='ocrx_word' id='word_1_122' title='bbox 761 1536 827 1574; x_wconf 91' lang='lat' dir='ltr'>eum</span> <span class='ocrx_word' id='word_1_123' title='bbox 842 1513 1020 1593; x_wconf 77' lang='lat' dir='ltr'>possidebat.</span> <span class='ocrx_word' id='word_1_124' title='bbox 1069 1515 1223 1593; x_wconf 88' lang='lat' dir='ltr'>Epitomen</span> <span class='ocrx_word' id='word_1_125' title='bbox 1238 1516 1427 1589; x_wconf 85' lang='lat' dir='ltr'>Artemidori,</span> <span class='ocrx_word' id='word_1_126' title='bbox 1442 1537 1509 1595; x_wconf 83' lang='lat' dir='ltr'>quae</span> <span class='ocrx_word' id='word_1_127' title='bbox 1526 1518 1558 1576; x_wconf 91' lang='lat' dir='ltr'>in</span> <span class='ocrx_word' id='word_1_128' title='bbox 1573 1519 1651 1579; x_wconf 93' lang='lat' dir='ltr'>libro</span> <span class='ocrx_word' id='word_1_129' title='bbox 1662 1533 1705 1579; x_wconf 87' lang='lat' dir='ltr'>est</span> <span class='ocrx_word' id='word_1_130' title='bbox 1718 1521 1813 1595; x_wconf 88' lang='lat' dir='ltr'>nulla,</span> <span class='ocrx_word' id='word_1_131' title='bbox 1828 1536 1850 1579; x_wconf 85' lang='lat' dir='ltr'>et</span> 
     </span>
     <span class='ocr_line' id='line_1_14' title="bbox 240 1609 1850 1695; baseline 0.001 -22"><span class='ocrx_word' id='word_1_132' title='bbox 240 1614 356 1673; x_wconf 86' lang='lat' dir='ltr'>Dehinc</span> <span class='ocrx_word' id='word_1_133' title='bbox 366 1614 397 1670; x_wconf 90' lang='lat' dir='ltr'>in</span> <span class='ocrx_word' id='word_1_134' title='bbox 414 1611 623 1670; x_wconf 87' lang='lat' dir='ltr'>bibliothecam</span> <span class='ocrx_word' id='word_1_135' title='bbox 633 1611 805 1682; x_wconf 85' lang='lat' dir='ltr'>lloeschelii,</span> <span class='ocrx_word' id='word_1_136' title='bbox 822 1624 924 1689; x_wconf 90' lang='lat' dir='ltr'>postca</span> <span class='ocrx_word' id='word_1_137' title='bbox 934 1610 966 1668; x_wconf 94' lang='lat' dir='ltr'>in</span> <span class='ocrx_word' id='word_1_138' title='bbox 976 1609 1023 1669; x_wconf 91' lang='lat' dir='ltr'>bi·</span> <span class='ocrx_word' id='word_1_139' title='bbox 1069 1611 1313 1689; x_wconf 90' lang='lat' dir='ltr'>inscriptionem:</span> <span class='ocrx_word' id='word_1_140' title='bbox 1332 1612 1457 1693; x_wconf 79' lang='grc' dir='ltr'>Προθήκη</span> <span class='ocrx_word' id='word_1_141' title='bbox 1471 1613 1648 1695; x_wconf 73' lang='grc' dir='ltr'>γεωγραφκῶν</span> <span class='ocrx_word' id='word_1_142' title='bbox 1679 1628 1749 1687; x_wconf 78' lang='lat' dir='ltr'>etc,</span> <span class='ocrx_word' id='word_1_143' title='bbox 1768 1636 1850 1693; x_wconf 87' lang='lat' dir='ltr'>quan</span> 
     </span>
     <span class='ocr_line' id='line_1_15' title="bbox 240 1707 1850 1791; baseline 0.001 -24"><span class='ocrx_word' id='word_1_144' title='bbox 240 1708 416 1768; x_wconf 90' lang='lat' dir='ltr'>bliothecam</span> <span class='ocrx_word' id='word_1_145' title='bbox 439 1713 577 1785; x_wconf 73' lang='lat' dir='ltr'>Augusta</span> <span class='ocrx_word' id='word_1_146' title='bbox 594 1708 830 1780; x_wconf 77' lang='lat' dir='ltr'>vindelicorum,</span> <span class='ocrx_word' id='word_1_147' title='bbox 852 1707 980 1785; x_wconf 90' lang='lat' dir='ltr'>denique</span> <span class='ocrx_word' id='word_1_148' title='bbox 995 1708 1025 1765; x_wconf 91' lang='lat' dir='ltr'>in</span> <span class='ocrx_word' id='word_1_149' title='bbox 1070 1707 1169 1767; x_wconf 90' lang='lat' dir='ltr'>elicuit</span> <span class='ocrx_word' id='word_1_150' title='bbox 1185 1727 1221 1765; x_wconf 87' lang='lat' dir='ltr'>ex</span> <span class='ocrx_word' id='word_1_151' title='bbox 1238 1721 1408 1784; x_wconf 89' lang='lat' dir='ltr'>argumento</span> <span class='ocrx_word' id='word_1_152' title='bbox 1432 1708 1587 1786; x_wconf 82' lang='lat' dir='ltr'>prooemii,</span> <span class='ocrx_word' id='word_1_153' title='bbox 1603 1711 1682 1787; x_wconf 91' lang='lat' dir='ltr'>quod</span> <span class='ocrx_word' id='word_1_154' title='bbox 1696 1712 1850 1791; x_wconf 83' lang='lat' dir='ltr'>Menippen</span> 
     </span>
     <span class='ocr_line' id='line_1_16' title="bbox 241 1802 1851 1882; baseline 0.003 -21"><span class='ocrx_word' id='word_1_155' title='bbox 241 1802 442 1862; x_wconf 81' lang='lat' dir='ltr'>Monacensem</span> <span class='ocrx_word' id='word_1_156' title='bbox 464 1804 613 1879; x_wconf 89' lang='lat' dir='ltr'>migravit.</span> <span class='ocrx_word' id='word_1_157' title='bbox 635 1803 703 1881; x_wconf 86' lang='lat' dir='ltr'>lpse</span> <span class='ocrx_word' id='word_1_158' title='bbox 723 1823 782 1863; x_wconf 91' lang='lat' dir='ltr'>non</span> <span class='ocrx_word' id='word_1_159' title='bbox 797 1802 859 1860; x_wconf 86' lang='lat' dir='ltr'>vidi</span> <span class='ocrx_word' id='word_1_160' title='bbox 875 1822 959 1875; x_wconf 87' lang='lat' dir='ltr'>eum;</span> <span class='ocrx_word' id='word_1_161' title='bbox 975 1802 1025 1861; x_wconf 87' lang='lat' dir='ltr'>sed</span> <span class='ocrx_word' id='word_1_162' title='bbox 1070 1804 1187 1881; x_wconf 88' lang='lat' dir='ltr'>periplo</span> <span class='ocrx_word' id='word_1_163' title='bbox 1199 1803 1364 1861; x_wconf 85' lang='lat' dir='ltr'>Marcianus</span> <span class='ocrx_word' id='word_1_164' title='bbox 1378 1804 1513 1882; x_wconf 71' lang='lat' dir='ltr'>praefixit.</span> <span class='ocrx_word' id='word_1_165' title='bbox 1531 1804 1629 1864; x_wconf 87' lang='lat' dir='ltr'>Missis</span> <span class='ocrx_word' id='word_1_166' title='bbox 1639 1806 1765 1865; x_wconf 92' lang='lat' dir='ltr'>indiculi</span> <span class='ocrx_word' id='word_1_167' title='bbox 1781 1808 1851 1867; x_wconf 92' lang='lat' dir='ltr'>ludi·</span> 
     </span>
     <span class='ocr_line' id='line_1_17' title="bbox 241 1896 1851 1980; baseline 0.004 -25"><span class='ocrx_word' id='word_1_168' title='bbox 241 1898 276 1955; x_wconf 88' lang='lat' dir='ltr'>B.</span> <span class='ocrx_word' id='word_1_169' title='bbox 302 1897 454 1957; x_wconf 83' lang='lat' dir='ltr'>Fabricius</span> <span class='ocrx_word' id='word_1_170' title='bbox 481 1897 707 1976; x_wconf 85' lang='lat' dir='ltr'>descriptionem</span> <span class='ocrx_word' id='word_1_171' title='bbox 729 1896 794 1976; x_wconf 91' lang='lat' dir='ltr'>ejus</span> <span class='ocrx_word' id='word_1_172' title='bbox 816 1897 1026 1956; x_wconf 87' lang='lat' dir='ltr'>aSchmellero</span> <span class='ocrx_word' id='word_1_173' title='bbox 1070 1900 1152 1970; x_wconf 90' lang='lat' dir='ltr'>briis,</span> <span class='ocrx_word' id='word_1_174' title='bbox 1165 1900 1457 1963; x_wconf 86' lang='lat' dir='ltr'>ridesMonacensem</span> <span class='ocrx_word' id='word_1_175' title='bbox 1470 1901 1851 1980; x_wconf 83' lang='lat' dir='ltr'>librumareliquisduobus</span> 
     </span>
     <span class='ocr_line' id='line_1_18' title="bbox 241 1994 1852 2074; baseline 0.004 -21"><span class='ocrx_word' id='word_1_176' title='bbox 241 1994 467 2055; x_wconf 89' lang='lat' dir='ltr'>bibliothecario</span> <span class='ocrx_word' id='word_1_177' title='bbox 491 2009 634 2074; x_wconf 86' lang='lat' dir='ltr'>acceptam</span> <span class='ocrx_word' id='word_1_178' title='bbox 652 1994 734 2054; x_wconf 92' lang='lat' dir='ltr'>dedit</span> <span class='ocrx_word' id='word_1_179' title='bbox 756 1996 787 2054; x_wconf 92' lang='lat' dir='ltr'>in</span> <span class='ocrx_word' id='word_1_180' title='bbox 809 1994 911 2053; x_wconf 87' lang='lat' dir='ltr'>libello</span> <span class='ocrx_word' id='word_1_181' title='bbox 936 1997 1029 2053; x_wconf 74' lang='lat' dir='ltr'>{leber</span> <span class='ocrx_word' id='word_1_182' title='bbox 1071 2015 1106 2053; x_wconf 88' lang='lat' dir='ltr'>eo</span> <span class='ocrx_word' id='word_1_183' title='bbox 1121 1996 1242 2054; x_wconf 85' lang='lat' dir='ltr'>differre</span> <span class='ocrx_word' id='word_1_184' title='bbox 1258 1996 1337 2071; x_wconf 93' lang='lat' dir='ltr'>quod</span> <span class='ocrx_word' id='word_1_185' title='bbox 1347 1996 1453 2055; x_wconf 93' lang='lat' dir='ltr'>omittit</span> <span class='ocrx_word' id='word_1_186' title='bbox 1468 1997 1632 2074; x_wconf 87' lang='lat' dir='ltr'>periegesin</span> <span class='ocrx_word' id='word_1_187' title='bbox 1646 1997 1816 2073; x_wconf 84' lang='lat' dir='ltr'>iambicam,</span> <span class='ocrx_word' id='word_1_188' title='bbox 1830 2016 1852 2059; x_wconf 86' lang='lat' dir='ltr'>et</span> 
     </span>
     <span class='ocr_line' id='line_1_19' title="bbox 242 2090 1850 2169; baseline 0.002 -22"><span class='ocrx_word' id='word_1_189' title='bbox 242 2095 290 2149; x_wconf 80' lang='lat' dir='ltr'>die</span> <span class='ocrx_word' id='word_1_190' title='bbox 310 2090 531 2165; x_wconf 81' lang='lat' dir='ltr'>Handschristen</span> <span class='ocrx_word' id='word_1_191' title='bbox 552 2095 604 2149; x_wconf 89' lang='lat' dir='ltr'>der</span> <span class='ocrx_word' id='word_1_192' title='bbox 627 2094 749 2148; x_wconf 82' lang='lat' dir='ltr'>Kleinen</span> <span class='ocrx_word' id='word_1_193' title='bbox 769 2113 814 2168; x_wconf 79' lang='lat' dir='ltr'>gr.</span> <span class='ocrx_word' id='word_1_194' title='bbox 841 2092 1027 2167; x_wconf 82' lang='lat' dir='ltr'>Geogrcplren</span> <span class='ocrx_word' id='word_1_195' title='bbox 1072 2090 1765 2169; x_wconf 84' lang='lat' dir='ltr'>quodMenippumlllarcianiabalterolllarciani</span> <span class='ocrx_word' id='word_1_196' title='bbox 1778 2096 1850 2153; x_wconf 87' lang='lat' dir='ltr'>libro</span> 
     </span>
     <span class='ocr_line' id='line_1_20' title="bbox 241 2183 1851 2267; baseline 0.002 -23"><span class='ocrx_word' id='word_1_197' title='bbox 241 2206 272 2264; x_wconf 92' lang='lat' dir='ltr'>p.</span> <span class='ocrx_word' id='word_1_198' title='bbox 283 2187 312 2247; x_wconf 86' lang='lat'>6.</span> <span class='ocrx_word' id='word_1_199' title='bbox 321 2185 470 2263; x_wconf 84' lang='lat' dir='ltr'>llincquae</span> <span class='ocrx_word' id='word_1_200' title='bbox 478 2187 553 2244; x_wconf 88' lang='lat' dir='ltr'>scire</span> <span class='ocrx_word' id='word_1_201' title='bbox 563 2198 663 2245; x_wconf 89' lang='lat' dir='ltr'>nostra</span> <span class='ocrx_word' id='word_1_202' title='bbox 672 2186 760 2246; x_wconf 79' lang='lat' dir='ltr'>refert</span> <span class='ocrx_word' id='word_1_203' title='bbox 769 2186 905 2246; x_wconf 90' lang='lat' dir='ltr'>enotabo.</span> <span class='ocrx_word' id='word_1_204' title='bbox 915 2184 1028 2261; x_wconf 79' lang='lat' dir='ltr'>Fstigi·</span> <span class='ocrx_word' id='word_1_205' title='bbox 1072 2183 1246 2259; x_wconf 82' lang='lat' dir='ltr'>disjunctum</span> <span class='ocrx_word' id='word_1_206' title='bbox 1255 2184 1454 2247; x_wconf 87' lang='lat' dir='ltr'>exhibet.lluc</span> <span class='ocrx_word' id='word_1_207' title='bbox 1464 2185 1660 2263; x_wconf 89' lang='lat' dir='ltr'>acceditquod</span> <span class='ocrx_word' id='word_1_208' title='bbox 1674 2188 1705 2245; x_wconf 93' lang='lat' dir='ltr'>in</span> <span class='ocrx_word' id='word_1_209' title='bbox 1720 2188 1851 2267; x_wconf 82' lang='lat' dir='ltr'>Dionysii</span> 
     </span>
     <span class='ocr_line' id='line_1_21' title="bbox 243 2281 1853 2362; baseline 0.005 -23"><span class='ocrx_word' id='word_1_210' title='bbox 243 2294 292 2339; x_wconf 90' lang='lat' dir='ltr'>tur</span> <span class='ocrx_word' id='word_1_211' title='bbox 301 2281 378 2339; x_wconf 91' lang='lat' dir='ltr'>liber</span> <span class='ocrx_word' id='word_1_212' title='bbox 388 2282 555 2340; x_wconf 87' lang='lat' dir='ltr'>chartaceus</span> <span class='ocrx_word' id='word_1_213' title='bbox 566 2282 668 2339; x_wconf 76' lang='lat' dir='ltr'>formae</span> <span class='ocrx_word' id='word_1_214' title='bbox 676 2295 796 2354; x_wconf 75' lang='lat' dir='ltr'>octava,</span> <span class='ocrx_word' id='word_1_215' title='bbox 810 2281 908 2340; x_wconf 69' lang='lat' dir='ltr'>saeculi</span> <span class='ocrx_word' id='word_1_216' title='bbox 919 2281 1027 2339; x_wconf 91' lang='lat' dir='ltr'>decimi</span> <span class='ocrx_word' id='word_1_217' title='bbox 1073 2302 1106 2340; x_wconf 86' lang='lat' dir='ltr'>ac</span> <span class='ocrx_word' id='word_1_218' title='bbox 1124 2283 1300 2355; x_wconf 82' lang='lat' dir='ltr'>Dicaearchi,</span> <span class='ocrx_word' id='word_1_219' title='bbox 1316 2303 1403 2362; x_wconf 87' lang='lat' dir='ltr'>quern</span> <span class='ocrx_word' id='word_1_220' title='bbox 1417 2297 1540 2358; x_wconf 88' lang='lat' dir='ltr'>vocant,</span> <span class='ocrx_word' id='word_1_221' title='bbox 1557 2283 1725 2361; x_wconf 82' lang='lat' dir='ltr'>fragmentis</span> <span class='ocrx_word' id='word_1_222' title='bbox 1737 2290 1853 2347; x_wconf 90' lang='lat' dir='ltr'>mutilus</span> 
     </span>
     <span class='ocr_line' id='line_1_22' title="bbox 242 2375 1852 2458; baseline 0.002 -24"><span class='ocrx_word' id='word_1_223' title='bbox 242 2376 327 2448; x_wconf 85' lang='lat' dir='ltr'>sexti,</span> <span class='ocrx_word' id='word_1_224' title='bbox 345 2376 481 2434; x_wconf 91' lang='lat' dir='ltr'>foliorum</span> <span class='ocrx_word' id='word_1_225' title='bbox 497 2378 546 2448; x_wconf 83' lang='lat'>73,</span> <span class='ocrx_word' id='word_1_226' title='bbox 557 2380 683 2454; x_wconf 87' lang='lat' dir='ltr'>scriptus</span> <span class='ocrx_word' id='word_1_227' title='bbox 698 2396 715 2433; x_wconf 90' lang='lat' dir='ltr'>a</span> <span class='ocrx_word' id='word_1_228' title='bbox 729 2375 932 2454; x_wconf 88' lang='lat' dir='ltr'>compluribus</span> <span class='ocrx_word' id='word_1_229' title='bbox 940 2398 949 2447; x_wconf 92' lang='lat'>;</span> <span class='ocrx_word' id='word_1_230' title='bbox 962 2395 1027 2433; x_wconf 90' lang='lat' dir='ltr'>nam</span> <span class='ocrx_word' id='word_1_231' title='bbox 1073 2388 1127 2444; x_wconf 90' lang='lat' dir='ltr'>est,</span> <span class='ocrx_word' id='word_1_232' title='bbox 1140 2389 1168 2433; x_wconf 91' lang='lat' dir='ltr'>et</span> <span class='ocrx_word' id='word_1_233' title='bbox 1182 2376 1260 2453; x_wconf 90' lang='lat' dir='ltr'>quod</span> <span class='ocrx_word' id='word_1_234' title='bbox 1270 2376 1400 2454; x_wconf 89' lang='lat' dir='ltr'>Scylacis</span> <span class='ocrx_word' id='word_1_235' title='bbox 1409 2378 1556 2456; x_wconf 85' lang='lat' dir='ltr'>periplurn</span> <span class='ocrx_word' id='word_1_236' title='bbox 1567 2398 1626 2437; x_wconf 91' lang='lat' dir='ltr'>nun</span> <span class='ocrx_word' id='word_1_237' title='bbox 1638 2377 1687 2437; x_wconf 88' lang='lat' dir='ltr'>dat</span> <span class='ocrx_word' id='word_1_238' title='bbox 1695 2379 1852 2458; x_wconf 81' lang='lat' dir='ltr'>integrum,</span> 
     </span>
     <span class='ocr_line' id='line_1_23' title="bbox 244 2457 1853 2553; baseline 0.002 -23"><span class='ocrx_word' id='word_1_239' title='bbox 244 2472 320 2533; x_wconf 88' lang='lat' dir='ltr'>alius</span> <span class='ocrx_word' id='word_1_240' title='bbox 342 2457 461 2551; x_wconf 85' lang='lat' dir='ltr'>scripsit</span> <span class='ocrx_word' id='word_1_241' title='bbox 481 2473 551 2531; x_wconf 89' lang='lat' dir='ltr'>folia</span> <span class='ocrx_word' id='word_1_242' title='bbox 577 2472 659 2544; x_wconf 83' lang='lat'>1-65,</span> <span class='ocrx_word' id='word_1_243' title='bbox 682 2474 758 2533; x_wconf 86' lang='lat' dir='ltr'>alius</span> <span class='ocrx_word' id='word_1_244' title='bbox 774 2472 877 2533; x_wconf 89' lang='lat' dir='ltr'>folium</span> <span class='ocrx_word' id='word_1_245' title='bbox 889 2474 939 2543; x_wconf 84' lang='lat'>66,</span> <span class='ocrx_word' id='word_1_246' title='bbox 954 2472 1029 2531; x_wconf 87' lang='lat' dir='ltr'>alius</span> <span class='ocrx_word' id='word_1_247' title='bbox 1074 2471 1175 2530; x_wconf 88' lang='lat' dir='ltr'>sedin</span> <span class='ocrx_word' id='word_1_248' title='bbox 1197 2471 1297 2532; x_wconf 88' lang='lat' dir='ltr'>verbis</span> <span class='ocrx_word' id='word_1_249' title='bbox 1315 2470 1395 2549; x_wconf 79' lang='grc' dir='ltr'>λιμὴν</span> <span class='ocrx_word' id='word_1_250' title='bbox 1420 2473 1568 2553; x_wconf 79' lang='grc' dir='ltr'>Μυρίανδος</span> <span class='ocrx_word' id='word_1_251' title='bbox 1594 2474 1632 2551; x_wconf 73' lang='lat' dir='ltr'>(S</span> <span class='ocrx_word' id='word_1_252' title='bbox 1660 2494 1727 2549; x_wconf 81' lang='lat' dir='ltr'>roa,</span> <span class='ocrx_word' id='word_1_253' title='bbox 1752 2495 1786 2553; x_wconf 90' lang='lat' dir='ltr'>p.</span> <span class='ocrx_word' id='word_1_254' title='bbox 1809 2500 1853 2552; x_wconf 81' lang='lat'>77,</span> 
     </span>
     <span class='ocr_line' id='line_1_24' title="bbox 245 2566 1853 2647; baseline 0.003 -23"><span class='ocrx_word' id='word_1_255' title='bbox 245 2567 315 2626; x_wconf 90' lang='lat' dir='ltr'>folia</span> <span class='ocrx_word' id='word_1_256' title='bbox 331 2569 435 2641; x_wconf 80' lang='lat'>67-73,</span> <span class='ocrx_word' id='word_1_257' title='bbox 460 2588 525 2645; x_wconf 80' lang='lat' dir='ltr'>quae</span> <span class='ocrx_word' id='word_1_258' title='bbox 549 2568 672 2642; x_wconf 90' lang='lat' dir='ltr'>reliquis</span> <span class='ocrx_word' id='word_1_259' title='bbox 685 2581 754 2627; x_wconf 89' lang='lat' dir='ltr'>sunt</span> <span class='ocrx_word' id='word_1_260' title='bbox 770 2567 870 2625; x_wconf 84' lang='lat' dir='ltr'>formae</span> <span class='ocrx_word' id='word_1_261' title='bbox 891 2566 1027 2627; x_wconf 89' lang='lat' dir='ltr'>minoris.</span> <span class='ocrx_word' id='word_1_262' title='bbox 1075 2567 1091 2623; x_wconf 79' lang='lat'>3</span> <span class='ocrx_word' id='word_1_263' title='bbox 1116 2580 1203 2625; x_wconf 88' lang='lat' dir='ltr'>nostr.</span> <span class='ocrx_word' id='word_1_264' title='bbox 1231 2566 1315 2647; x_wconf 87' lang='lat' dir='ltr'>edit.)</span> <span class='ocrx_word' id='word_1_265' title='bbox 1338 2568 1481 2627; x_wconf 88' lang='lat' dir='ltr'>subsistit.</span> <span class='ocrx_word' id='word_1_266' title='bbox 1509 2568 1576 2625; x_wconf 86' lang='lat' dir='ltr'>llaec</span> <span class='ocrx_word' id='word_1_267' title='bbox 1592 2567 1683 2626; x_wconf 89' lang='lat' dir='ltr'>verba</span> <span class='ocrx_word' id='word_1_268' title='bbox 1704 2569 1735 2627; x_wconf 92' lang='lat' dir='ltr'>in</span> <span class='ocrx_word' id='word_1_269' title='bbox 1760 2572 1853 2629; x_wconf 88' lang='lat' dir='ltr'>codice</span> 
     </span>
     <span class='ocr_line' id='line_1_25' title="bbox 244 2662 1853 2745; baseline 0.001 -23"><span class='ocrx_word' id='word_1_270' title='bbox 244 2664 398 2722; x_wconf 82' lang='lat' dir='ltr'>Praehxum</span> <span class='ocrx_word' id='word_1_271' title='bbox 407 2664 492 2723; x_wconf 90' lang='lat' dir='ltr'>habet</span> <span class='ocrx_word' id='word_1_272' title='bbox 499 2664 667 2734; x_wconf 88' lang='lat' dir='ltr'>lloeschelii,</span> <span class='ocrx_word' id='word_1_273' title='bbox 676 2677 708 2722; x_wconf 92' lang='lat' dir='ltr'>ut</span> <span class='ocrx_word' id='word_1_274' title='bbox 715 2676 845 2740; x_wconf 83' lang='lat' dir='ltr'>censent,</span> <span class='ocrx_word' id='word_1_275' title='bbox 855 2682 942 2721; x_wconf 91' lang='lat' dir='ltr'>manu</span> <span class='ocrx_word' id='word_1_276' title='bbox 952 2662 1029 2720; x_wconf 92' lang='lat' dir='ltr'>hunc</span> <span class='ocrx_word' id='word_1_277' title='bbox 1073 2662 1209 2723; x_wconf 88' lang='lat' dir='ltr'>Parisino</span> <span class='ocrx_word' id='word_1_278' title='bbox 1222 2666 1265 2743; x_wconf 73' lang='lat' dir='ltr'>(p.</span> <span class='ocrx_word' id='word_1_279' title='bbox 1277 2686 1327 2741; x_wconf 86' lang='lat'>91,</span> <span class='ocrx_word' id='word_1_280' title='bbox 1336 2666 1391 2725; x_wconf 93' lang='lat' dir='ltr'>lin.</span> <span class='ocrx_word' id='word_1_281' title='bbox 1406 2663 1853 2745; x_wconf 74' lang='lat' dir='ltr'>6abimalproximeprascedunt</span> 
     </span>
     <span class='ocr_line' id='line_1_26' title="bbox 243 2757 1850 2843; baseline 0.005 -28"><span class='ocrx_word' id='word_1_282' title='bbox 243 2757 406 2816; x_wconf 91' lang='lat' dir='ltr'>indiculum</span> <span class='ocrx_word' id='word_1_283' title='bbox 420 2780 427 2815; x_wconf 75' lang='grc' dir='ltr'><strong>ε</strong></span> <span class='ocrx_word' id='word_1_284' title='bbox 1074 2760 1468 2839; x_wconf 87' lang='lat' dir='ltr'>foliumdilaceratum,quod</span> <span class='ocrx_word' id='word_1_285' title='bbox 1476 2762 1507 2819; x_wconf 93' lang='lat' dir='ltr'>in</span> <span class='ocrx_word' id='word_1_286' title='bbox 1515 2781 1601 2821; x_wconf 88' lang='lat' dir='ltr'>causa</span> <span class='ocrx_word' id='word_1_287' title='bbox 1612 2761 1701 2821; x_wconf 84' lang='lat' dir='ltr'>fuisse</span> <span class='ocrx_word' id='word_1_288' title='bbox 1709 2767 1850 2843; x_wconf 80' lang='lat' dir='ltr'>suspicor,</span> 
     </span>
     <span class='ocr_line' id='line_1_27' title="bbox 244 2853 1852 2935; baseline 0.004 -24"><span class='ocrx_word' id='word_1_289' title='bbox 244 2858 388 2913; x_wconf 80' lang='lat' dir='ltr'>Marciani</span> <span class='ocrx_word' id='word_1_290' title='bbox 397 2858 572 2914; x_wconf 68' lang='lat' dir='ltr'>Heracleotae</span> <span class='ocrx_word' id='word_1_291' title='bbox 1074 2853 1130 2913; x_wconf 71' lang='lat' dir='ltr'>cur&#39;</span> <span class='ocrx_word' id='word_1_292' title='bbox 1148 2856 1261 2935; x_wconf 86' lang='lat' dir='ltr'>reliqua</span> <span class='ocrx_word' id='word_1_293' title='bbox 1282 2877 1342 2916; x_wconf 90' lang='lat' dir='ltr'>non</span> <span class='ocrx_word' id='word_1_294' title='bbox 1361 2855 1552 2916; x_wconf 88' lang='lat' dir='ltr'>describenda</span> <span class='ocrx_word' id='word_1_295' title='bbox 1577 2869 1678 2917; x_wconf 88' lang='lat' dir='ltr'>auctor</span> <span class='ocrx_word' id='word_1_296' title='bbox 1698 2857 1772 2919; x_wconf 94' lang='lat' dir='ltr'>libri</span> <span class='ocrx_word' id='word_1_297' title='bbox 1797 2861 1852 2920; x_wconf 77' lang='lat' dir='ltr'>blo</span> 
     </span>
    </p>
   </div>
   <div class='ocr_carea' id='block_1_6' title="bbox 244 2946 1031 3604">
    <p class='ocr_par' dir='ltr' id='par_1_6' title="bbox 244 2946 1028 3030">
     <span class='ocr_line' id='line_1_28' title="bbox 244 2946 1028 3030; baseline 0.003 -24"><span class='ocrx_word' id='word_1_298' title='bbox 244 2953 324 3008; x_wconf 83' lang='lat' dir='ltr'>Libri</span> <span class='ocrx_word' id='word_1_299' title='bbox 330 2971 360 3012; x_wconf 86' lang='lat' dir='ltr'>a.</span> <span class='ocrx_word' id='word_1_300' title='bbox 371 2955 509 3028; x_wconf 81' lang='lat' dir='ltr'>Epitomes</span> <span class='ocrx_word' id='word_1_301' title='bbox 516 2953 687 3010; x_wconf 83' lang='lat' dir='ltr'>Artemidori</span> <span class='ocrx_word' id='word_1_302' title='bbox 693 2952 809 3028; x_wconf 81' lang='lat' dir='ltr'>Ephesii</span> <span class='ocrx_word' id='word_1_303' title='bbox 816 2950 975 3030; x_wconf 77' lang='lat' dir='ltr'>geographi</span> <span class='ocrx_word' id='word_1_304' title='bbox 984 2946 1028 3028; x_wconf 71' lang='lat'>(⁴).</span> 
     </span>
    </p>

    <p class='ocr_par' dir='ltr' id='par_1_7' title="bbox 245 3049 744 3121">
     <span class='ocr_line' id='line_1_29' title="bbox 245 3049 744 3121; baseline 0.01 -19"><span class='ocrx_word' id='word_1_305' title='bbox 245 3049 373 3121; x_wconf 84' lang='lat' dir='ltr'>Periplus</span> <span class='ocrx_word' id='word_1_306' title='bbox 383 3049 510 3120; x_wconf 79' lang='lat' dir='ltr'>Scylucis</span> <span class='ocrx_word' id='word_1_307' title='bbox 526 3049 744 3119; x_wconf 80' lang='lat' dir='ltr'>Caryandensis.</span> 
     </span>
    </p>

    <p class='ocr_par' dir='ltr' id='par_1_8' title="bbox 246 3142 802 3223">
     <span class='ocr_line' id='line_1_30' title="bbox 246 3142 802 3223; baseline 0.007 -25"><span class='ocrx_word' id='word_1_308' title='bbox 246 3145 349 3199; x_wconf 82' lang='lat' dir='ltr'>Isidori</span> <span class='ocrx_word' id='word_1_309' title='bbox 363 3143 523 3200; x_wconf 78' lang='lat' dir='ltr'>Characeni</span> <span class='ocrx_word' id='word_1_310' title='bbox 536 3143 647 3220; x_wconf 77' lang='grc' dir='ltr'>σταθμοὶ</span> <span class='ocrx_word' id='word_1_311' title='bbox 663 3142 802 3223; x_wconf 77' lang='grc' dir='ltr'><strong>Παρθικοί.</strong></span> 
     </span>
    </p>

    <p class='ocr_par' dir='ltr' id='par_1_9' title="bbox 245 3239 948 3315">
     <span class='ocr_line' id='line_1_31' title="bbox 245 3239 948 3315; baseline 0.003 -21"><span class='ocrx_word' id='word_1_312' title='bbox 245 3240 406 3295; x_wconf 83' lang='lat' dir='ltr'>Dicoearclri</span> <span class='ocrx_word' id='word_1_313' title='bbox 417 3242 563 3315; x_wconf 79' lang='lat' dir='ltr'>descriptio</span> <span class='ocrx_word' id='word_1_314' title='bbox 582 3239 701 3296; x_wconf 82' lang='lat' dir='ltr'>Groecice</span> <span class='ocrx_word' id='word_1_315' title='bbox 714 3241 756 3296; x_wconf 83' lang='lat' dir='ltr'>ad</span> <span class='ocrx_word' id='word_1_316' title='bbox 765 3241 948 3314; x_wconf 79' lang='lat' dir='ltr'>Theophrast.</span> 
     </span>
    </p>

    <p class='ocr_par' dir='ltr' id='par_1_10' title="bbox 246 3331 1031 3604">
     <span class='ocr_line' id='line_1_32' title="bbox 246 3331 1030 3414; baseline -0.003 -22"><span class='ocrx_word' id='word_1_317' title='bbox 246 3331 374 3413; x_wconf 73' lang='grc' dir='ltr'>Προθήκη</span> <span class='ocrx_word' id='word_1_318' title='bbox 386 3337 571 3414; x_wconf 61' lang='grc' dir='ltr'>γεῡηραφικῶν</span> <span class='ocrx_word' id='word_1_319' title='bbox 587 3333 709 3414; x_wconf 69' lang='lat' dir='ltr'>findilur,</span> <span class='ocrx_word' id='word_1_320' title='bbox 723 3357 788 3411; x_wconf 82' lang='lat' dir='ltr'>quoe</span> <span class='ocrx_word' id='word_1_321' title='bbox 796 3339 956 3409; x_wconf 78' lang='lat' dir='ltr'>catalogum</span> <span class='ocrx_word' id='word_1_322' title='bbox 970 3343 1030 3406; x_wconf 85' lang='lat' dir='ltr'>ejus</span> 
     </span>
     <span class='ocr_line' id='line_1_33' title="bbox 285 3433 1031 3507; baseline 0.001 -21"><span class='ocrx_word' id='word_1_323' title='bbox 285 3435 396 3507; x_wconf 83' lang='lat' dir='ltr'>generis</span> <span class='ocrx_word' id='word_1_324' title='bbox 406 3438 568 3505; x_wconf 84' lang='lat' dir='ltr'>scriptorum</span> <span class='ocrx_word' id='word_1_325' title='bbox 584 3444 614 3486; x_wconf 87' lang='lat' dir='ltr'>ct</span> <span class='ocrx_word' id='word_1_326' title='bbox 627 3433 663 3487; x_wconf 87' lang='lat' dir='ltr'>de</span> <span class='ocrx_word' id='word_1_327' title='bbox 675 3433 774 3487; x_wconf 82' lang='lat' dir='ltr'>iisdem</span> <span class='ocrx_word' id='word_1_328' title='bbox 785 3434 924 3504; x_wconf 79' lang='lat' dir='ltr'>Jndicium</span> <span class='ocrx_word' id='word_1_329' title='bbox 941 3437 1031 3487; x_wconf 85' lang='lat' dir='ltr'>conti-</span> 
     </span>
     <span class='ocr_line' id='line_1_34' title="bbox 286 3525 929 3604; baseline 0.009 -24"><span class='ocrx_word' id='word_1_330' title='bbox 286 3539 333 3582; x_wconf 87' lang='lat' dir='ltr'>net</span> <span class='ocrx_word' id='word_1_331' title='bbox 348 3526 358 3603; x_wconf 73' lang='lat'>(</span> <span class='ocrx_word' id='word_1_332' title='bbox 371 3526 392 3583; x_wconf 87' lang='lat' dir='ltr'>i.</span> <span class='ocrx_word' id='word_1_333' title='bbox 405 3545 432 3583; x_wconf 91' lang='lat' dir='ltr'>e.</span> <span class='ocrx_word' id='word_1_334' title='bbox 447 3525 613 3583; x_wconf 85' lang='lat' dir='ltr'>hlarcianea</span> <span class='ocrx_word' id='word_1_335' title='bbox 626 3525 759 3603; x_wconf 86' lang='lat' dir='ltr'>hlenippi</span> <span class='ocrx_word' id='word_1_336' title='bbox 772 3527 929 3604; x_wconf 89' lang='lat' dir='ltr'>epitome).</span> 
     </span>
    </p>
   </div>
   <div class='ocr_carea' id='block_1_7' title="bbox 249 3674 1032 3893">
    <p class='ocr_par' dir='ltr' id='par_1_11' title="bbox 249 3674 1032 3893">
     <span class='ocr_line' id='line_1_35' title="bbox 436 3674 841 3742; baseline 0.017 -15"><span class='ocrx_word' id='word_1_337' title='bbox 436 3675 554 3728; x_wconf 77' lang='lat' dir='ltr'>Doridis</span> <span class='ocrx_word' id='word_1_338' title='bbox 567 3674 726 3742; x_wconf 82' lang='lat' dir='ltr'>Hoeschelir‘,</span> <span class='ocrx_word' id='word_1_339' title='bbox 748 3680 783 3733; x_wconf 82' lang='lat' dir='ltr'>A.</span> <span class='ocrx_word' id='word_1_340' title='bbox 795 3678 841 3734; x_wconf 89' lang='grc' dir='ltr'>Μ.</span> 
     </span>
     <span class='ocr_line' id='line_1_36' title="bbox 249 3807 1032 3893; baseline 0.001 -24"><span class='ocrx_word' id='word_1_341' title='bbox 249 3807 318 3888; x_wconf 83' lang='lat' dir='ltr'>lltpl</span> <span class='ocrx_word' id='word_1_342' title='bbox 332 3809 384 3866; x_wconf 78' lang='grc' dir='ltr'>τῶν</span> <span class='ocrx_word' id='word_1_343' title='bbox 399 3807 545 3881; x_wconf 77' lang='grc' dir='ltr'>δηλούντων</span> <span class='ocrx_word' id='word_1_344' title='bbox 559 3808 617 3876; x_wconf 69' lang='lat' dir='ltr'>aab&lt;</span> <span class='ocrx_word' id='word_1_345' title='bbox 630 3810 761 3887; x_wconf 75' lang='grc' dir='ltr'>σταθμοὺς</span> <span class='ocrx_word' id='word_1_346' title='bbox 774 3811 866 3870; x_wconf 76' lang='grc' dir='ltr'><strong>καὶτὰ</strong></span> <span class='ocrx_word' id='word_1_347' title='bbox 883 3811 966 3893; x_wconf 77' lang='grc' dir='ltr'><strong>μέτρα</strong></span> <span class='ocrx_word' id='word_1_348' title='bbox 978 3835 1032 3892; x_wconf 78' lang='grc' dir='ltr'>χα-</span> 
     </span>
    </p>
   </div>
   <div class='ocr_carea' id='block_1_8' title="bbox 1075 2951 1854 3885">
    <p class='ocr_par' dir='ltr' id='par_1_12' title="bbox 1075 2951 1854 3885">
     <span class='ocr_line' id='line_1_37' title="bbox 1075 2951 1854 3027; baseline 0.01 -20"><span class='ocrx_word' id='word_1_349' title='bbox 1075 2969 1140 3009; x_wconf 89' lang='lat' dir='ltr'>nac.</span> <span class='ocrx_word' id='word_1_350' title='bbox 1151 2951 1278 3010; x_wconf 89' lang='lat' dir='ltr'>duceret.</span> <span class='ocrx_word' id='word_1_351' title='bbox 1299 2952 1335 3010; x_wconf 91' lang='lat' dir='ltr'>ln</span> <span class='ocrx_word' id='word_1_352' title='bbox 1351 2951 1477 3027; x_wconf 73' lang='lat' dir='ltr'>singulis</span> <span class='ocrx_word' id='word_1_353' title='bbox 1493 2952 1592 3012; x_wconf 89' lang='lat' dir='ltr'>rerbis</span> <span class='ocrx_word' id='word_1_354' title='bbox 1613 2952 1752 3012; x_wconf 88' lang='lat' dir='ltr'>Vaticano</span> <span class='ocrx_word' id='word_1_355' title='bbox 1774 2956 1854 3014; x_wconf 90' lang='lat' dir='ltr'>inter-</span> 
     </span>
     <span class='ocr_line' id='line_1_38' title="bbox 1075 3047 1854 3110; baseline 0.005 -4"><span class='ocrx_word' id='word_1_356' title='bbox 1075 3047 1145 3106; x_wconf 87' lang='lat' dir='ltr'>dum</span> <span class='ocrx_word' id='word_1_357' title='bbox 1166 3049 1328 3109; x_wconf 86' lang='lat' dir='ltr'>accuratior</span> <span class='ocrx_word' id='word_1_358' title='bbox 1346 3062 1400 3108; x_wconf 89' lang='lat' dir='ltr'>est.</span> <span class='ocrx_word' id='word_1_359' title='bbox 1415 3049 1459 3107; x_wconf 83' lang='lat' dir='ltr'>lle</span> <span class='ocrx_word' id='word_1_360' title='bbox 1472 3048 1585 3107; x_wconf 86' lang='lat' dir='ltr'>lacunis</span> <span class='ocrx_word' id='word_1_361' title='bbox 1600 3069 1666 3108; x_wconf 91' lang='lat' dir='ltr'>cum</span> <span class='ocrx_word' id='word_1_362' title='bbox 1684 3049 1820 3110; x_wconf 87' lang='lat' dir='ltr'>Parisino</span> <span class='ocrx_word' id='word_1_363' title='bbox 1832 3065 1854 3109; x_wconf 87' lang='lat' dir='ltr'>ct</span> 
     </span>
     <span class='ocr_line' id='line_1_39' title="bbox 1075 3142 1853 3224; baseline 0.006 -24"><span class='ocrx_word' id='word_1_364' title='bbox 1075 3142 1214 3201; x_wconf 86' lang='lat' dir='ltr'>Vaticano</span> <span class='ocrx_word' id='word_1_365' title='bbox 1232 3145 1385 3206; x_wconf 88' lang='lat' dir='ltr'>consentit.</span> <span class='ocrx_word' id='word_1_366' title='bbox 1406 3143 1473 3201; x_wconf 82' lang='lat' dir='ltr'>lam</span> <span class='ocrx_word' id='word_1_367' title='bbox 1491 3163 1592 3204; x_wconf 85' lang='lat' dir='ltr'>rerum</span> <span class='ocrx_word' id='word_1_368' title='bbox 1607 3164 1697 3224; x_wconf 91' lang='lat' dir='ltr'>quum</span> <span class='ocrx_word' id='word_1_369' title='bbox 1717 3148 1804 3224; x_wconf 87' lang='lat' dir='ltr'>origo</span> <span class='ocrx_word' id='word_1_370' title='bbox 1819 3149 1853 3205; x_wconf 88' lang='lat' dir='ltr'>la-</span> 
     </span>
     <span class='ocr_line' id='line_1_40' title="bbox 1076 3237 1854 3318; baseline 0.003 -23"><span class='ocrx_word' id='word_1_371' title='bbox 1076 3258 1217 3296; x_wconf 81' lang='lat' dir='ltr'>cunarum</span> <span class='ocrx_word' id='word_1_372' title='bbox 1242 3259 1258 3296; x_wconf 93' lang='lat' dir='ltr'>e</span> <span class='ocrx_word' id='word_1_373' title='bbox 1277 3239 1405 3297; x_wconf 89' lang='lat' dir='ltr'>Parisini</span> <span class='ocrx_word' id='word_1_374' title='bbox 1420 3237 1492 3297; x_wconf 92' lang='lat' dir='ltr'>libri</span> <span class='ocrx_word' id='word_1_375' title='bbox 1510 3238 1681 3298; x_wconf 90' lang='lat' dir='ltr'>conditione</span> <span class='ocrx_word' id='word_1_376' title='bbox 1704 3241 1854 3318; x_wconf 87' lang='lat' dir='ltr'>repetenda</span> 
     </span>
     <span class='ocr_line' id='line_1_41' title="bbox 1077 3333 1853 3411; baseline 0.003 -20"><span class='ocrx_word' id='word_1_377' title='bbox 1077 3333 1135 3393; x_wconf 90' lang='lat' dir='ltr'>sit:</span> <span class='ocrx_word' id='word_1_378' title='bbox 1153 3335 1316 3393; x_wconf 87' lang='lat' dir='ltr'>necessario</span> <span class='ocrx_word' id='word_1_379' title='bbox 1329 3335 1461 3411; x_wconf 88' lang='lat' dir='ltr'>sequitur</span> <span class='ocrx_word' id='word_1_380' title='bbox 1474 3333 1643 3392; x_wconf 82' lang='lat' dir='ltr'>Vaticanum</span> <span class='ocrx_word' id='word_1_381' title='bbox 1658 3347 1689 3392; x_wconf 90' lang='lat' dir='ltr'>et</span> <span class='ocrx_word' id='word_1_382' title='bbox 1704 3335 1853 3396; x_wconf 87' lang='lat' dir='ltr'>Monacen-</span> 
     </span>
     <span class='ocr_line' id='line_1_42' title="bbox 1076 3427 1854 3508; baseline -0.003 -20"><span class='ocrx_word' id='word_1_383' title='bbox 1076 3449 1135 3488; x_wconf 87' lang='lat' dir='ltr'>sem</span> <span class='ocrx_word' id='word_1_384' title='bbox 1151 3429 1289 3488; x_wconf 88' lang='lat' dir='ltr'>derivare</span> <span class='ocrx_word' id='word_1_385' title='bbox 1307 3449 1323 3488; x_wconf 92' lang='lat' dir='ltr'>e</span> <span class='ocrx_word' id='word_1_386' title='bbox 1337 3429 1474 3487; x_wconf 88' lang='lat' dir='ltr'>Parisino</span> <span class='ocrx_word' id='word_1_387' title='bbox 1489 3427 1674 3508; x_wconf 87' lang='lat' dir='ltr'>(quanquam</span> <span class='ocrx_word' id='word_1_388' title='bbox 1693 3448 1755 3488; x_wconf 94' lang='lat' dir='ltr'>non</span> <span class='ocrx_word' id='word_1_389' title='bbox 1769 3451 1805 3488; x_wconf 87' lang='lat' dir='ltr'>ex</span> <span class='ocrx_word' id='word_1_390' title='bbox 1825 3450 1854 3488; x_wconf 90' lang='lat' dir='ltr'>eo</span> 
     </span>
     <span class='ocr_line' id='line_1_43' title="bbox 1077 3521 1854 3603; baseline -0.004 -19"><span class='ocrx_word' id='word_1_391' title='bbox 1077 3524 1154 3603; x_wconf 87' lang='lat' dir='ltr'>ipso,</span> <span class='ocrx_word' id='word_1_392' title='bbox 1168 3525 1218 3584; x_wconf 90' lang='lat' dir='ltr'>sed</span> <span class='ocrx_word' id='word_1_393' title='bbox 1233 3544 1269 3583; x_wconf 87' lang='lat' dir='ltr'>ex</span> <span class='ocrx_word' id='word_1_394' title='bbox 1278 3523 1343 3601; x_wconf 87' lang='lat' dir='ltr'>ejus</span> <span class='ocrx_word' id='word_1_395' title='bbox 1352 3523 1529 3603; x_wconf 81' lang='lat' dir='ltr'>apographis</span> <span class='ocrx_word' id='word_1_396' title='bbox 1538 3521 1676 3601; x_wconf 85' lang='lat' dir='ltr'>descripti</span> <span class='ocrx_word' id='word_1_397' title='bbox 1689 3526 1782 3602; x_wconf 85' lang='lat' dir='ltr'>sunt).</span> <span class='ocrx_word' id='word_1_398' title='bbox 1793 3525 1854 3594; x_wconf 82' lang='lat' dir='ltr'>Qua</span> 
     </span>
     <span class='ocr_line' id='line_1_44' title="bbox 1077 3619 1854 3697; baseline -0.003 -20"><span class='ocrx_word' id='word_1_399' title='bbox 1077 3620 1195 3696; x_wconf 88' lang='lat' dir='ltr'>quidem</span> <span class='ocrx_word' id='word_1_400' title='bbox 1212 3639 1259 3678; x_wconf 88' lang='lat' dir='ltr'>res</span> <span class='ocrx_word' id='word_1_401' title='bbox 1272 3633 1329 3678; x_wconf 88' lang='lat' dir='ltr'>tam</span> <span class='ocrx_word' id='word_1_402' title='bbox 1343 3619 1426 3678; x_wconf 88' lang='lat' dir='ltr'>estin</span> <span class='ocrx_word' id='word_1_403' title='bbox 1442 3619 1609 3697; x_wconf 87' lang='lat' dir='ltr'>propatulo,</span> <span class='ocrx_word' id='word_1_404' title='bbox 1622 3631 1654 3677; x_wconf 91' lang='lat' dir='ltr'>ut</span> <span class='ocrx_word' id='word_1_405' title='bbox 1663 3619 1782 3678; x_wconf 91' lang='lat' dir='ltr'>minora</span> <span class='ocrx_word' id='word_1_406' title='bbox 1793 3619 1854 3676; x_wconf 90' lang='lat' dir='ltr'>indi·</span> 
     </span>
     <span class='ocr_line' id='line_1_45' title="bbox 1077 3713 1853 3792; baseline -0.004 -19"><span class='ocrx_word' id='word_1_407' title='bbox 1077 3715 1122 3773; x_wconf 86' lang='lat' dir='ltr'>cia</span> <span class='ocrx_word' id='word_1_408' title='bbox 1137 3715 1222 3774; x_wconf 91' lang='lat' dir='ltr'>liceat</span> <span class='ocrx_word' id='word_1_409' title='bbox 1234 3715 1391 3791; x_wconf 82' lang='lat' dir='ltr'>negligere.</span> <span class='ocrx_word' id='word_1_410' title='bbox 1412 3713 1505 3790; x_wconf 87' lang='lat' dir='ltr'>igitur</span> <span class='ocrx_word' id='word_1_411' title='bbox 1521 3733 1703 3791; x_wconf 84' lang='lat' dir='ltr'>quaecunque</span> <span class='ocrx_word' id='word_1_412' title='bbox 1720 3715 1752 3772; x_wconf 91' lang='lat' dir='ltr'>in</span> <span class='ocrx_word' id='word_1_413' title='bbox 1768 3726 1853 3792; x_wconf 88' lang='lat' dir='ltr'>postc-</span> 
     </span>
     <span class='ocr_line' id='line_1_46' title="bbox 1077 3807 1852 3885; baseline -0.005 -17"><span class='ocrx_word' id='word_1_414' title='bbox 1077 3807 1209 3868; x_wconf 91' lang='lat' dir='ltr'>rioribus</span> <span class='ocrx_word' id='word_1_415' title='bbox 1223 3808 1310 3867; x_wconf 88' lang='lat' dir='ltr'>libris</span> <span class='ocrx_word' id='word_1_416' title='bbox 1319 3810 1403 3868; x_wconf 89' lang='lat' dir='ltr'>aliter</span> <span class='ocrx_word' id='word_1_417' title='bbox 1413 3829 1445 3867; x_wconf 89' lang='lat' dir='ltr'>ac</span> <span class='ocrx_word' id='word_1_418' title='bbox 1460 3813 1490 3867; x_wconf 94' lang='lat' dir='ltr'>in</span> <span class='ocrx_word' id='word_1_419' title='bbox 1507 3811 1587 3867; x_wconf 87' lang='lat' dir='ltr'>fonte</span> <span class='ocrx_word' id='word_1_420' title='bbox 1598 3827 1700 3867; x_wconf 92' lang='lat' dir='ltr'>eorum</span> <span class='ocrx_word' id='word_1_421' title='bbox 1713 3810 1852 3885; x_wconf 80' lang='lat' dir='ltr'>leguntur,</span> 
     </span>
    </p>
   </div>
   <div class='ocr_carea' id='block_1_9' title="bbox 1077 3905 1875 4350">
    <p class='ocr_par' dir='ltr' id='par_1_13' title="bbox 1077 3905 1875 4350">
     <span class='ocr_line' id='line_1_47' title="bbox 1079 3905 1854 3984; baseline -0.005 -18"><span class='ocrx_word' id='word_1_422' title='bbox 1079 3927 1114 3966; x_wconf 89' lang='lat' dir='ltr'>ca</span> <span class='ocrx_word' id='word_1_423' title='bbox 1127 3906 1224 3964; x_wconf 89' lang='lat' dir='ltr'>omnia</span> <span class='ocrx_word' id='word_1_424' title='bbox 1232 3917 1309 3984; x_wconf 89' lang='lat' dir='ltr'>patet</span> <span class='ocrx_word' id='word_1_425' title='bbox 1318 3906 1353 3963; x_wconf 92' lang='lat' dir='ltr'>ad</span> <span class='ocrx_word' id='word_1_426' title='bbox 1362 3905 1497 3965; x_wconf 87' lang='lat' dir='ltr'>librarios</span> <span class='ocrx_word' id='word_1_427' title='bbox 1509 3905 1554 3963; x_wconf 90' lang='lat' dir='ltr'>rel</span> <span class='ocrx_word' id='word_1_428' title='bbox 1566 3905 1748 3982; x_wconf 90' lang='lat' dir='ltr'>negligenter</span> <span class='ocrx_word' id='word_1_429' title='bbox 1756 3905 1854 3965; x_wconf 90' lang='lat' dir='ltr'>exscri-</span> 
     </span>
     <span class='ocr_line' id='line_1_48' title="bbox 1077 3998 1875 4080; baseline -0.003 -20"><span class='ocrx_word' id='word_1_430' title='bbox 1077 4002 1179 4061; x_wconf 90' lang='lat' dir='ltr'>bentes</span> <span class='ocrx_word' id='word_1_431' title='bbox 1199 4000 1246 4061; x_wconf 87' lang='lat' dir='ltr'>vel</span> <span class='ocrx_word' id='word_1_432' title='bbox 1269 4001 1301 4058; x_wconf 91' lang='lat' dir='ltr'>in</span> <span class='ocrx_word' id='word_1_433' title='bbox 1322 3999 1406 4080; x_wconf 90' lang='lat' dir='ltr'>pejus</span> <span class='ocrx_word' id='word_1_434' title='bbox 1425 4014 1567 4060; x_wconf 86' lang='lat' dir='ltr'>mutantes</span> <span class='ocrx_word' id='word_1_435' title='bbox 1587 3998 1634 4058; x_wconf 92' lang='lat' dir='ltr'>vel</span> <span class='ocrx_word' id='word_1_436' title='bbox 1657 4000 1746 4059; x_wconf 86' lang='lat' dir='ltr'>etiam</span> <span class='ocrx_word' id='word_1_437' title='bbox 1766 4013 1854 4080; x_wconf 80' lang='lat' dir='ltr'>aperta</span> <span class='ocrx_word' id='word_1_438' title='bbox 1874 4015 1875 4038; x_wconf 64' lang='lat'>¹</span> 
     </span>
     <span class='ocr_line' id='line_1_49' title="bbox 1078 4094 1854 4171; baseline -0.005 -15"><span class='ocrx_word' id='word_1_439' title='bbox 1078 4097 1206 4156; x_wconf 87' lang='lat' dir='ltr'>Parisini</span> <span class='ocrx_word' id='word_1_440' title='bbox 1230 4096 1303 4155; x_wconf 90' lang='lat' dir='ltr'>vitia</span> <span class='ocrx_word' id='word_1_441' title='bbox 1329 4097 1509 4171; x_wconf 81' lang='lat' dir='ltr'>corrigentes</span> <span class='ocrx_word' id='word_1_442' title='bbox 1534 4094 1686 4154; x_wconf 87' lang='lat' dir='ltr'>referenda</span> <span class='ocrx_word' id='word_1_443' title='bbox 1703 4115 1784 4169; x_wconf 86' lang='lat' dir='ltr'>esse,</span> <span class='ocrx_word' id='word_1_444' title='bbox 1810 4113 1854 4152; x_wconf 89' lang='lat' dir='ltr'>nec</span> 
     </span>
     <span class='ocr_line' id='line_1_50' title="bbox 1077 4190 1854 4274; baseline -0.005 -22"><span class='ocrx_word' id='word_1_445' title='bbox 1077 4193 1213 4274; x_wconf 88' lang='lat' dir='ltr'>possead</span> <span class='ocrx_word' id='word_1_446' title='bbox 1228 4193 1359 4251; x_wconf 90' lang='lat' dir='ltr'>criticam</span> <span class='ocrx_word' id='word_1_447' title='bbox 1380 4192 1564 4251; x_wconf 81' lang='lat' dir='ltr'>factitandum</span> <span class='ocrx_word' id='word_1_448' title='bbox 1577 4190 1731 4265; x_wconf 89' lang='lat' dir='ltr'>adbiberi,</span> <span class='ocrx_word' id='word_1_449' title='bbox 1747 4193 1791 4252; x_wconf 91' lang='lat' dir='ltr'>uti</span> <span class='ocrx_word' id='word_1_450' title='bbox 1803 4191 1854 4270; x_wconf 91' lang='lat' dir='ltr'>pri·</span> 
     </span>
     <span class='ocr_line' id='line_1_51' title="bbox 1079 4287 1471 4350; baseline -0.008 -2"><span class='ocrx_word' id='word_1_451' title='bbox 1079 4310 1143 4350; x_wconf 79' lang='lat' dir='ltr'>inus</span> <span class='ocrx_word' id='word_1_452' title='bbox 1155 4289 1270 4347; x_wconf 90' lang='lat' dir='ltr'>monuit</span> <span class='ocrx_word' id='word_1_453' title='bbox 1282 4287 1471 4346; x_wconf 89' lang='lat' dir='ltr'>Letronnius.</span> 
     </span>
    </p>
   </div>
   <div class='ocr_carea' id='block_1_10' title="bbox 249 3904 1026 4173">
    <p class='ocr_par' dir='ltr' id='par_1_14' title="bbox 249 3904 1026 4173">
     <span class='ocr_line' id='line_1_52' title="bbox 565 3904 713 3985; baseline 0.02 -22"><span class='ocrx_word' id='word_1_454' title='bbox 565 3904 713 3985; x_wconf 70' lang='lat' dir='ltr'>paxnipur.</span> 
     </span>
     <span class='ocr_line' id='line_1_53' title="bbox 249 3997 822 4080; baseline 0.005 -21"><span class='ocrx_word' id='word_1_455' title='bbox 249 3997 376 4076; x_wconf 74' lang='grc' dir='ltr'>Προθήκη</span> <span class='ocrx_word' id='word_1_456' title='bbox 388 4002 575 4080; x_wconf 78' lang='grc' dir='ltr'>γεωγραφικῶν</span> <span class='ocrx_word' id='word_1_457' title='bbox 588 4006 688 4060; x_wconf 82' lang='lat' dir='ltr'>endem</span> <span class='ocrx_word' id='word_1_458' title='bbox 704 4025 822 4064; x_wconf 84' lang='lat' dir='ltr'>rursum.</span> 
     </span>
     <span class='ocr_line' id='line_1_54' title="bbox 250 4095 1026 4173; baseline 0.01 -23"><span class='ocrx_word' id='word_1_459' title='bbox 250 4099 288 4150; x_wconf 86' lang='lat' dir='ltr'>In</span> <span class='ocrx_word' id='word_1_460' title='bbox 299 4095 344 4150; x_wconf 79' lang='lat' dir='ltr'>his</span> <span class='ocrx_word' id='word_1_461' title='bbox 356 4100 499 4171; x_wconf 83' lang='lat' dir='ltr'>opusculis,</span> <span class='ocrx_word' id='word_1_462' title='bbox 519 4103 619 4173; x_wconf 80' lang='lat' dir='ltr'>siqua</span> <span class='ocrx_word' id='word_1_463' title='bbox 639 4101 723 4156; x_wconf 86' lang='lat' dir='ltr'>dictio</span> <span class='ocrx_word' id='word_1_464' title='bbox 740 4103 874 4157; x_wconf 84' lang='lat' dir='ltr'>mendosa</span> <span class='ocrx_word' id='word_1_465' title='bbox 899 4107 1026 4171; x_wconf 85' lang='lat' dir='ltr'>occurrit,</span> 
     </span>
    </p>
   </div>
   <div class='ocr_carea' id='block_1_11' title="bbox 248 4189 935 4368">
    <p class='ocr_par' dir='ltr' id='par_1_15' title="bbox 248 4189 935 4368">
     <span class='ocr_line' id='line_1_55' title="bbox 288 4189 878 4273; baseline 0.014 -27"><span class='ocrx_word' id='word_1_466' title='bbox 288 4189 417 4262; x_wconf 77' lang='lat' dir='ltr'>densere</span> <span class='ocrx_word' id='word_1_467' title='bbox 426 4206 533 4268; x_wconf 84' lang='lat' dir='ltr'>puncta</span> <span class='ocrx_word' id='word_1_468' title='bbox 546 4215 665 4270; x_wconf 84' lang='lat' dir='ltr'>superne</span> <span class='ocrx_word' id='word_1_469' title='bbox 678 4203 796 4273; x_wconf 83' lang='lat' dir='ltr'>appictn</span> <span class='ocrx_word' id='word_1_470' title='bbox 804 4211 878 4255; x_wconf 86' lang='lat' dir='ltr'>sunt.</span> 
     </span>
     <span class='ocr_line' id='line_1_56' title="bbox 248 4285 935 4368; baseline 0.009 -24"><span class='ocrx_word' id='word_1_471' title='bbox 248 4289 293 4344; x_wconf 80' lang='lat' dir='ltr'>Ex</span> <span class='ocrx_word' id='word_1_472' title='bbox 305 4285 473 4346; x_wconf 78' lang='lat' dir='ltr'>bibliotheca</span> <span class='ocrx_word' id='word_1_473' title='bbox 483 4291 598 4347; x_wconf 71' lang='lat' dir='ltr'>Derides</span> <span class='ocrx_word' id='word_1_474' title='bbox 607 4293 762 4350; x_wconf 81' lang='lat' dir='ltr'>Hoesclrelii</span> <span class='ocrx_word' id='word_1_475' title='bbox 774 4299 935 4368; x_wconf 76' lang='lat' dir='ltr'>Augustani</span> 
     </span>
    </p>
   </div>
   <div class='ocr_carea' id='block_1_12' title="bbox 819 4435 1289 4503">
    <p class='ocr_par' dir='ltr' id='par_1_16' title="bbox 819 4407 1875 4512">
     <span class='ocr_line' id='line_1_57' title="bbox 819 4435 1289 4503; baseline -0.011 -12"><span class='ocrx_word' id='word_1_476' title='bbox 819 4435 1289 4503; x_wconf 64' lang='lat' dir='ltr'>muniaturunmanumtuau.</span> 
     </span>
    </p>
   </div>
   <div class='ocr_carea' id='block_1_13' title="bbox 250 4537 1875 5112">
    <p class='ocr_par' dir='ltr' id='par_1_17' title="bbox 250 4537 1875 5112">
     <span class='ocr_line' id='line_1_58' title="bbox 292 4537 1875 4624; baseline 0.001 -31"><span class='ocrx_word' id='word_1_477' title='bbox 292 4557 338 4594; x_wconf 87' lang='lat' dir='ltr'>rr.</span> <span class='ocrx_word' id='word_1_478' title='bbox 350 4537 468 4599; x_wconf 90' lang='lat' dir='ltr'>Priores</span> <span class='ocrx_word' id='word_1_479' title='bbox 478 4541 537 4600; x_wconf 92' lang='lat' dir='ltr'>duo</span> <span class='ocrx_word' id='word_1_480' title='bbox 547 4544 755 4620; x_wconf 90' lang='lat' dir='ltr'>quaterniones</span> <span class='ocrx_word' id='word_1_481' title='bbox 769 4545 880 4604; x_wconf 90' lang='lat' dir='ltr'>codicis</span> <span class='ocrx_word' id='word_1_482' title='bbox 894 4544 1032 4615; x_wconf 88' lang='lat' dir='ltr'>Parisini,</span> <span class='ocrx_word' id='word_1_483' title='bbox 1073 4543 1196 4617; x_wconf 88' lang='lat' dir='ltr'>gitaram</span> <span class='ocrx_word' id='word_1_484' title='bbox 1208 4560 1311 4619; x_wconf 91' lang='lat' dir='ltr'>parum</span> <span class='ocrx_word' id='word_1_485' title='bbox 1324 4538 1537 4619; x_wconf 90' lang='lat' dir='ltr'>probabiliter;</span> <span class='ocrx_word' id='word_1_486' title='bbox 1554 4537 1805 4597; x_wconf 86' lang='lat' dir='ltr'>verisimillimum</span> <span class='ocrx_word' id='word_1_487' title='bbox 1819 4547 1854 4593; x_wconf 83' lang='lat' dir='ltr'>est</span> <span class='ocrx_word' id='word_1_488' title='bbox 1874 4551 1875 4624; x_wconf 40' lang='grc' dir='ltr'>ᾗ</span> 
     </span>
     <span class='ocr_line' id='line_1_59' title="bbox 250 4627 1875 4718; baseline 0 -31"><span class='ocrx_word' id='word_1_489' title='bbox 250 4650 325 4708; x_wconf 72' lang='lat' dir='ltr'>aluos</span> <span class='ocrx_word' id='word_1_490' title='bbox 336 4633 478 4694; x_wconf 86' lang='lat' dir='ltr'>excidisse</span> <span class='ocrx_word' id='word_1_491' title='bbox 488 4637 563 4715; x_wconf 86' lang='lat' dir='ltr'>dixi,</span> <span class='ocrx_word' id='word_1_492' title='bbox 576 4658 762 4718; x_wconf 84' lang='lat' dir='ltr'>quorumque</span> <span class='ocrx_word' id='word_1_493' title='bbox 776 4639 919 4718; x_wconf 85' lang='lat' dir='ltr'>jacturam</span> <span class='ocrx_word' id='word_1_494' title='bbox 933 4640 1032 4699; x_wconf 89' lang='lat' dir='ltr'>decem</span> <span class='ocrx_word' id='word_1_495' title='bbox 1073 4636 1217 4697; x_wconf 83' lang='lat' dir='ltr'>excidisse</span> <span class='ocrx_word' id='word_1_496' title='bbox 1228 4635 1329 4695; x_wconf 88' lang='lat' dir='ltr'>oceani</span> <span class='ocrx_word' id='word_1_497' title='bbox 1343 4637 1489 4715; x_wconf 89' lang='lat' dir='ltr'>periplum</span> <span class='ocrx_word' id='word_1_498' title='bbox 1505 4635 1604 4694; x_wconf 86' lang='lat' dir='ltr'>nescio</span> <span class='ocrx_word' id='word_1_499' title='bbox 1621 4635 1707 4712; x_wconf 86' lang='lat' dir='ltr'>cujus</span> <span class='ocrx_word' id='word_1_500' title='bbox 1721 4632 1850 4702; x_wconf 85' lang='lat' dir='ltr'>auctoris,</span> <span class='ocrx_word' id='word_1_501' title='bbox 1874 4627 1875 4674; x_wconf 42' lang='grc' dir='ltr'>Ψ</span> 
     </span>
     <span class='ocr_line' id='line_1_60' title="bbox 251 4725 1875 4812; baseline 0.004 -30"><span class='ocrx_word' id='word_1_502' title='bbox 251 4725 331 4785; x_wconf 92' lang='lat' dir='ltr'>foliis</span> <span class='ocrx_word' id='word_1_503' title='bbox 346 4729 445 4787; x_wconf 82' lang='lat' dir='ltr'>vacuis</span> <span class='ocrx_word' id='word_1_504' title='bbox 464 4728 705 4812; x_wconf 82' lang='lat' dir='ltr'>(fol.176-185)</span> <span class='ocrx_word' id='word_1_505' title='bbox 731 4735 841 4794; x_wconf 84' lang='lat' dir='ltr'>indicat</span> <span class='ocrx_word' id='word_1_506' title='bbox 859 4735 953 4794; x_wconf 84' lang='lat' dir='ltr'>codex</span> <span class='ocrx_word' id='word_1_507' title='bbox 972 4735 1034 4794; x_wconf 88' lang='lat' dir='ltr'>Va·</span> <span class='ocrx_word' id='word_1_508' title='bbox 1074 4748 1124 4792; x_wconf 92' lang='lat' dir='ltr'>aut</span> <span class='ocrx_word' id='word_1_509' title='bbox 1135 4735 1276 4812; x_wconf 91' lang='lat' dir='ltr'>scriptum</span> <span class='ocrx_word' id='word_1_510' title='bbox 1290 4733 1407 4810; x_wconf 86' lang='lat' dir='ltr'>aliquod</span> <span class='ocrx_word' id='word_1_511' title='bbox 1420 4731 1457 4790; x_wconf 90' lang='lat' dir='ltr'>de</span> <span class='ocrx_word' id='word_1_512' title='bbox 1470 4732 1560 4791; x_wconf 86' lang='lat' dir='ltr'>totius</span> <span class='ocrx_word' id='word_1_513' title='bbox 1576 4731 1678 4791; x_wconf 91' lang='lat' dir='ltr'>mundi</span> <span class='ocrx_word' id='word_1_514' title='bbox 1695 4741 1852 4808; x_wconf 83' lang='lat' dir='ltr'>systemate.</span> <span class='ocrx_word' id='word_1_515' title='bbox 1874 4785 1875 4788; x_wconf 74' lang='grc'>,</span> 
     </span>
     <span class='ocr_line' id='line_1_61' title="bbox 250 4823 1853 4910; baseline 0.001 -32"><span class='ocrx_word' id='word_1_516' title='bbox 250 4825 362 4880; x_wconf 87' lang='lat' dir='ltr'>ticanus</span> <span class='ocrx_word' id='word_1_517' title='bbox 372 4823 446 4898; x_wconf 90' lang='lat' dir='ltr'>(non</span> <span class='ocrx_word' id='word_1_518' title='bbox 458 4824 527 4882; x_wconf 89' lang='lat' dir='ltr'>item</span> <span class='ocrx_word' id='word_1_519' title='bbox 541 4827 732 4902; x_wconf 85' lang='lat' dir='ltr'>hlonacensis,</span> <span class='ocrx_word' id='word_1_520' title='bbox 744 4844 776 4889; x_wconf 93' lang='lat' dir='ltr'>ut</span> <span class='ocrx_word' id='word_1_521' title='bbox 784 4831 930 4910; x_wconf 78' lang='lat' dir='ltr'>videtur),</span> <span class='ocrx_word' id='word_1_522' title='bbox 943 4831 1035 4909; x_wconf 88' lang='lat' dir='ltr'>qund-</span> <span class='ocrx_word' id='word_1_523' title='bbox 1077 4830 1112 4889; x_wconf 93' lang='lat' dir='ltr'>ln</span> <span class='ocrx_word' id='word_1_524' title='bbox 1124 4831 1227 4889; x_wconf 90' lang='lat' dir='ltr'>ultima</span> <span class='ocrx_word' id='word_1_525' title='bbox 1237 4829 1456 4910; x_wconf 79' lang='lat' dir='ltr'>deperditarum</span> <span class='ocrx_word' id='word_1_526' title='bbox 1468 4831 1575 4907; x_wconf 88' lang='lat' dir='ltr'>pagina</span> <span class='ocrx_word' id='word_1_527' title='bbox 1585 4826 1757 4904; x_wconf 88' lang='lat' dir='ltr'>legebantur</span> <span class='ocrx_word' id='word_1_528' title='bbox 1769 4827 1853 4905; x_wconf 87' lang='lat' dir='ltr'>prima</span> 
     </span>
     <span class='ocr_line' id='line_1_62' title="bbox 251 4918 1875 5010; baseline 0.002 -35"><span class='ocrx_word' id='word_1_529' title='bbox 251 4935 317 4975; x_wconf 92' lang='lat' dir='ltr'>nam</span> <span class='ocrx_word' id='word_1_530' title='bbox 331 4918 473 4998; x_wconf 88' lang='lat' dir='ltr'>scriptum</span> <span class='ocrx_word' id='word_1_531' title='bbox 487 4920 685 4997; x_wconf 84' lang='lat' dir='ltr'>exhibuerint,</span> <span class='ocrx_word' id='word_1_532' title='bbox 701 4927 773 4985; x_wconf 85' lang='lat' dir='ltr'>sciri</span> <span class='ocrx_word' id='word_1_533' title='bbox 788 4926 901 5004; x_wconf 90' lang='lat' dir='ltr'>nequit.</span> <span class='ocrx_word' id='word_1_534' title='bbox 916 4927 959 4985; x_wconf 89' lang='lat' dir='ltr'>Dc</span> <span class='ocrx_word' id='word_1_535' title='bbox 975 4927 1037 4985; x_wconf 76' lang='lat' dir='ltr'>Ar·</span> <span class='ocrx_word' id='word_1_536' title='bbox 1075 4928 1168 4987; x_wconf 83' lang='lat' dir='ltr'>rerba</span> <span class='ocrx_word' id='word_1_537' title='bbox 1181 4929 1320 5006; x_wconf 85' lang='lat' dir='ltr'>prooernii</span> <span class='ocrx_word' id='word_1_538' title='bbox 1338 4927 1369 4985; x_wconf 93' lang='lat' dir='ltr'>in</span> <span class='ocrx_word' id='word_1_539' title='bbox 1384 4927 1526 4985; x_wconf 86' lang='lat' dir='ltr'>lllarciani</span> <span class='ocrx_word' id='word_1_540' title='bbox 1541 4925 1649 4984; x_wconf 87' lang='lat' dir='ltr'>librum</span> <span class='ocrx_word' id='word_1_541' title='bbox 1665 4925 1702 4982; x_wconf 93' lang='lat' dir='ltr'>de</span> <span class='ocrx_word' id='word_1_542' title='bbox 1716 4924 1791 4982; x_wconf 88' lang='lat' dir='ltr'>mari</span> <span class='ocrx_word' id='word_1_543' title='bbox 1805 4941 1852 4980; x_wconf 79' lang='lat' dir='ltr'>cx·</span> <span class='ocrx_word' id='word_1_544' title='bbox 1874 4949 1875 5010; x_wconf 62' lang='lat' dir='ltr'>q</span> 
     </span>
     <span class='ocr_line' id='line_1_63' title="bbox 251 5011 1875 5112; baseline 0 -43"><span class='ocrx_word' id='word_1_545' title='bbox 251 5011 395 5072; x_wconf 88' lang='lat' dir='ltr'>temidoro</span> <span class='ocrx_word' id='word_1_546' title='bbox 406 5033 424 5072; x_wconf 95' lang='lat' dir='ltr'>a</span> <span class='ocrx_word' id='word_1_547' title='bbox 435 5015 585 5075; x_wconf 85' lang='lat' dir='ltr'>hlarciano</span> <span class='ocrx_word' id='word_1_548' title='bbox 594 5019 626 5076; x_wconf 93' lang='lat' dir='ltr'>in</span> <span class='ocrx_word' id='word_1_549' title='bbox 636 5023 841 5099; x_wconf 86' lang='lat' dir='ltr'>compendium</span> <span class='ocrx_word' id='word_1_550' title='bbox 855 5023 973 5082; x_wconf 89' lang='lat' dir='ltr'>redacto</span> <span class='ocrx_word' id='word_1_551' title='bbox 988 5043 1037 5082; x_wconf 92' lang='lat' dir='ltr'>co·</span> <span class='ocrx_word' id='word_1_552' title='bbox 1077 5037 1141 5082; x_wconf 92' lang='lat' dir='ltr'>tero</span> <span class='ocrx_word' id='word_1_553' title='bbox 1153 5023 1298 5100; x_wconf 79' lang='lat' dir='ltr'>priorem,</span> <span class='ocrx_word' id='word_1_554' title='bbox 1311 5023 1363 5100; x_wconf 92' lang='lat' dir='ltr'>qui</span> <span class='ocrx_word' id='word_1_555' title='bbox 1381 5024 1508 5102; x_wconf 87' lang='lat' dir='ltr'>pertinet</span> <span class='ocrx_word' id='word_1_556' title='bbox 1519 5023 1550 5080; x_wconf 93' lang='lat' dir='ltr'>in</span> <span class='ocrx_word' id='word_1_557' title='bbox 1565 5020 1630 5079; x_wconf 89' lang='lat' dir='ltr'>cod.</span> <span class='ocrx_word' id='word_1_558' title='bbox 1645 5018 1711 5078; x_wconf 88' lang='lat' dir='ltr'>Par.</span> <span class='ocrx_word' id='word_1_559' title='bbox 1722 5013 1853 5096; x_wconf 84' lang='lat' dir='ltr'>usquead</span> <span class='ocrx_word' id='word_1_560' title='bbox 1874 5047 1875 5112; x_wconf 57' lang='lat' dir='ltr'>q</span> 
     </span>
    </p>
   </div>
   <div class='ocr_carea' id='block_1_14' title="bbox 285 5213 1712 5292">
    <p class='ocr_par' dir='ltr' id='par_1_18' title="bbox 285 5213 1712 5292">
     <span class='ocr_line' id='line_1_64' title="bbox 285 5213 1712 5292; baseline 0.015 -29"><span class='ocrx_word' id='word_1_561' title='bbox 285 5213 318 5276; x_wconf 63' lang='lat'>(¹7</span> <span class='ocrx_word' id='word_1_562' title='bbox 330 5215 403 5265; x_wconf 80' lang='lat' dir='ltr'>iuria</span> <span class='ocrx_word' id='word_1_563' title='bbox 415 5216 467 5270; x_wconf 73' lang='lat' dir='ltr'>linc</span> <span class='ocrx_word' id='word_1_564' title='bbox 482 5216 544 5269; x_wconf 84' lang='lat' dir='ltr'>airus</span> <span class='ocrx_word' id='word_1_565' title='bbox 558 5219 655 5283; x_wconf 85' lang='lat' dir='ltr'>quidam</span> <span class='ocrx_word' id='word_1_566' title='bbox 666 5220 791 5287; x_wconf 64' lang='lat' dir='ltr'>acuerant</span> <span class='ocrx_word' id='word_1_567' title='bbox 804 5244 810 5274; x_wconf 75' lang='grc' dir='ltr'><strong><em>ι</em></strong></span> <span class='ocrx_word' id='word_1_568' title='bbox 825 5227 888 5289; x_wconf 65' lang='lat' dir='ltr'>lipia</span> <span class='ocrx_word' id='word_1_569' title='bbox 901 5225 1064 5292; x_wconf 75' lang='lat' dir='ltr'>(legetipic),</span> <span class='ocrx_word' id='word_1_570' title='bbox 1078 5227 1145 5284; x_wconf 75' lang='grc' dir='ltr'>πόλις</span> <span class='ocrx_word' id='word_1_571' title='bbox 1160 5226 1258 5284; x_wconf 80' lang='grc' dir='ltr'><strong>Δυκίας.</strong></span> <span class='ocrx_word' id='word_1_572' title='bbox 1276 5224 1437 5290; x_wconf 70' lang='grc' dir='ltr'><strong>Ἀρτεμίδωρος</strong></span> <span class='ocrx_word' id='word_1_573' title='bbox 1451 5226 1475 5276; x_wconf 76' lang='grc' dir='ltr'>ἐν</span> <span class='ocrx_word' id='word_1_574' title='bbox 1492 5227 1603 5285; x_wconf 72' lang='grc' dir='ltr'><strong>ἐπιτομῆς</strong></span> <span class='ocrx_word' id='word_1_575' title='bbox 1615 5223 1712 5285; x_wconf 60' lang='grc' dir='ltr'>πεκύῑῑιλ</span> 
     </span>
    </p>
   </div>
   <div class='ocr_carea' id='block_1_15' title="bbox 0 0 1904 5748">
    <p class='ocr_par' dir='ltr' id='par_1_19' title="bbox 0 0 1904 5748">
     <span class='ocr_line' id='line_1_65' title="bbox 0 0 1904 5748; baseline 0 0"><span class='ocrx_word' id='word_1_576' title='bbox 0 0 1904 5748; x_wconf 95' lang='lat' dir='ltr'> </span> 
     </span>
    </p>
   </div>
  </div>
 </body>
</html>
