3775 5750
166 346 223 397 ιιι
853 313 1037 378 ΑΝΟΝΥΜΙ

203 482 239 523 ια.
258 460 323 522 Ἀπὸ
336 461 382 518 τοῦ
403 458 506 536 Μιαροῦ
528 452 677 534 Πιτράντος
690 454 726 520 τίς
747 451 791 512 τδν
806 453 947 534 Βάτραχον
1027 453 1071 512 lo·
1088 452 1113 503 Α
1132 449 1218 502 Ριΐιῡ
1239 447 1361 500 runnu
1381 441 1415 496 Μ
1438 441 1597 495 &meltum
1619 438 1709 493 slidlfl
1733 439 1794 500 3⁰3

166 551 265 609 στάδιοι
288 547 322 605 λ’·
337 543 450 626 ΰρορμάς
472 544 529 601 lert
549 541 653 622 θερινός·
675 541 744 622 ἄχρι
768 541 824 601 ςπι
846 544 948 611 σκοπὰς
991 529 1069 581 statio
1087 535 1127 618 est
1149 526 1237 578 estiva
1255 523 1307 576 sub
1323 521 1517 594 promontorio,
1532 522 1560 573 in
1581 538 1639 591 quo
1656 519 1797 590 speculae;

991 623 1087 678 aquam
1098 623 1127 658 ιιι
1140 604 1206 657 valle
1218 603 1298 656 babet
1308 601 1428 655 multem.

1029 689 1074 750 41.
1095 682 1255 738 ABatracho
1274 681 1309 735 ad
1320 681 1434 734 Plateam
1451 679 1534 732 stadia
1552 678 1603 732 150
1620 649 1694 761 ’Θι-
1707 697 1717 739 ;
1732 695 1797 728 rer-

165 637 272 718 ἔχουσα·
290 633 345 714 ἔχει
359 631 428 710 ὕδωρ
443 629 510 689 πολὺ
525 631 552 688 δν
563 633 597 709 τῇ
609 628 689 708 νάπῃ.

206 744 241 785 ιι.
262 722 326 782 'barli
345 725 390 780 τοῦ
405 717 546 798 Βατράχου
569 719 605 786 τίς
621 719 756 778 Πλατιῖαν
779 718 880 778 στάδιοι
993 785 1039 820 Μ
1051 766 1134 819 dmm
1156 783 1228 817 mm
1249 763 1357 831 minu
1373 760 1520 814 mdiorum
1540 759 1636 812 imm
1652 772 1681 811 '⁰
1703 758 1798 810 mh

126 844 138 882 ς
165 809 274 890 πρδςτῷ
283 806 392 886 πελάγει
403 811 487 867 ιιιῖται
497 810 574 910 νῆσος
585 805 737 916 καλουμένη
746 807 882 884 Σιδωνία(
925 829 949 865 ιι
989 843 1059 916 χωρ
1070 843 1191 900 moui·
1205 841 1362 911 (Ἆηδονρα)
1377 839 1457 904 dim,
1472 857 1531 909 (με
1545 840 1688 891 monem
1709 837 1799 889 offen

166 896 404 1064 ἓζίἱμξέὸῗῑεὲίξὲ
416 893 641 1061 allaim?
661 894 774 952 σταδίων
795 894 828 953 p,
850 893 906 975 ἔλιι
920 893 950 954 δὲ
993 924 1103 1051 ριρχίἰίιιια
1118 922 1263 987 onerariis3
1286 937 1383 992 aquam
1401 918 1480 972 babet
1499 916 1533 970 ad
1553 918 1743 970 continentem
1764 917 1795 966 in

166 1154 264 1209 labase
284 1165 324 1206 est
341 1150 499 1207 tailleedans
516 1151 540 1204 le
553 1170 608 1217 roc,
621 1151 684 1206 etla
703 1155 787 1224 partie
804 1157 958 1228 superiecere
996 1159 1093 1212 abrittis
1119 1158 1212 1230 auprea
1231 1156 1264 1210 de
1283 1174 1327 1209 ces
1346 1156 1406 1218 iles,
1429 1152 1673 1226 parbculiircmcot
1695 1153 1799 1223 ιιιρτὲτ

166 1235 310 1288 construite
319 1251 352 1286 en
362 1234 463 1286 assises.
473 1232 761 1286 Interieurementelles
769 1245 829 1287 sont
838 1234 957 1288 subdiri·
996 1236 1031 1290 de
1045 1238 1108 1291 celle
1121 1236 1155 1290 de
1171 1237 1280 1289 Bomba.
1302 1260 1314 1282 ι
1334 1233 1534 1287 —Ptolemaeus
1551 1230 1670 1284 Platoem
1689 1247 1801 1282 memo-

167 1315 222 1366 sees
234 1331 267 1365 en
279 1311 409 1383 plusieurs
420 1308 532 1383 piecss‘a
547 1309 633 1379 angles
642 1309 742 1374 droits,
758 1313 823 1364 mais
834 1330 896 1366 arec
905 1331 958 1367 une
998 1326 1039 1369 rat
1056 1316 1171 1380 nullam,
1184 1313 1306 1370 Aedonia
1320 1331 1383 1366 vero
1397 1312 1508 1365 insulam
1517 1312 1546 1364 in
1559 1309 1612 1362 alto
1625 1309 1697 1360 mari
1712 1309 1799 1364 nollo-

167 1410 204 1444 ou
222 1392 353 1463 plusieurs
369 1401 523 1444 ouvertures
543 1388 692 1458 pratiqnees
708 1405 742 1442 au
754 1389 876 1460 plalond,
891 1392 958 1445 ainsi
997 1405 1055 1458 cat,
1071 1395 1137 1448 adeo
1153 1404 1185 1447 ιιι
1201 1395 1257 1465 ipse
1274 1409 1381 1464 quoque
1397 1390 1431 1444 de
1451 1389 1549 1442 Βοιιιδιι
1561 1387 1648 1440 insula
1663 1391 1800 1458 cogimse

167 1471 266 1543 qu’aux
290 1469 455 1524 catacombes
480 1467 526 1520 des
547 1454 722 1538 ngptieos...
745 1469 795 1522 Ces
822 1467 959 1548 differente
997 1472 1099 1528 debeat.
1115 1472 1266 1527 Herodotus
1285 1483 1373 1525 autem
1388 1472 1416 1523 in
1427 1469 1537 1522 historia
1549 1467 1584 1520 de
1603 1469 1728 1538 Cyrenes
1743 1471 1800 1521 ori-

168 1551 242 1603 traits
253 1548 287 1602 de
299 1545 959 1620 rapprochementavectascatacombeadesEgyp-
998 1552 1103 1622 gtntbus
1122 1551 1235 1604 insutum
1255 1550 1375 1603 Plateam
1393 1548 1486 1612 affert,
1510 1564 1590 1617 qoam
1605 1547 1743 1599 Tberaecs
1762 1552 1800 1601 ait
1854 1569 1857 1572 ⁴

169 1629 252 1692 tiens,
267 1638 293 1680 et
302 1637 409 1681 surtout
423 1627 481 1679 leur
490 1625 633 1696 proximiti
648 1623 681 1676 de
692 1625 815 1678 situation
833 1624 869 1679 du
890 1625 958 1696 golie
999 1633 1074 1700 (111,
1101 1630 1149 1684 153
1168 1629 1248 1700 sqq.)
1266 1647 1314 1700 per
1328 1629 1463 1680 biennium
1486 1626 1633 1688 habitasse,
1649 1635 1799 1696 antequam

169 1704 203 1758 de
219 1705 337 1772 Bomba,
359 1704 503 1776 rappcllcnt
526 1700 737 1772 singuliisrement
755 1721 785 1756 ee
804 1703 959 1776 qu’ecrirait
1000 1711 1027 1762 in
1047 1711 1137 1763 Azirin
1157 1708 1315 1761 continentis
1329 1707 1454 1777 opposite
1471 1705 1606 1774 regionem
1624 1705 1799 1772 transgrede-

168 1786 291 1857 Syussius
303 1789 312 1854 (
325 1787 375 1856 Ep.
395 1789 443 1848 rol
454 1787 464 1854 )
474 1801 520 1836 sur
529 1783 552 1836 le
561 1784 781 1837 montBomleoeo:
797 1809 808 1830 ι
821 1786 886 1839 Lien
897 1803 958 1838 sau·
1000 1798 1093 1841 rentur
1105 1787 1227 1858 (Λέγεται
1245 1784 1272 1838 δὲ
1286 1784 1302 1851 η
1316 1789 1389 1851 νῆσος
1404 1781 1445 1849 ίαη
1460 1779 1525 1835 εἶναι
1540 1784 1572 1853 τῇ
1591 1785 1635 1832 νῦν
1648 1781 1799 1851 Κυρηναίωι

169 1883 243 1935 rege,
253 1865 334 1929 dit-il,
347 1863 443 1918 sortilie
452 1881 500 1935 par
508 1862 568 1916 l'art
576 1863 635 1916 etla
648 1873 751 1928 nature,
760 1881 811 1934 que
823 1863 958 1934 quelques·
1000 1866 1059 1920 πόλι
1080 1885 1104 1919 c.
1123 1866 1173 1919 156
1185 1868 1206 1934 J.
1223 1865 1307 1917 Situm
1331 1864 1451 1916 loeomm
1471 1862 1591 1932 quamvis
1609 1879 1666 1912 non
1685 1860 1800 1916 deliniat

170 1959 221 1996 uns
231 1944 411 2014 compercient
426 1961 479 1995 aux
494 1942 625 2014 hypogies
641 1940 687 1994 des
701 1929 855 2012 Egyptieus,
874 1944 958 2012 etqui
1001 1945 1155 2010 historicus,
1168 1943 1339 2015 probabiliter
1352 1952 1441 1995 tamen
1457 1942 1508 1992 viri
1525 1939 1611 2003 docti,
1626 1940 1730 1992 collato
1743 1943 1800 1994 Su-

170 2022 364 2095 araitpcndaut-
375 2023 521 2094 longtemps
530 2019 642 2074 cachila
654 2019 833 2074 luitedelenn
845 2020 959 2074 dansses
1001 2023 1112 2088 diasmo,
1127 2023 1241 2077 Plateam
1257 2022 1367 2074 insulam
1383 2022 1409 2072 in
1421 2018 1486 2072 bod.
1502 2019 1601 2072 Βοαιδα
1619 2021 1799 2088 quaerendam

170 2105 458 2156 caverneasinueuses.»
469 2101 573 2170 Quibus
581 2099 667 2152 verbis
674 2100 787 2154 innitens
794 2100 960 2154 Pachobuuc
1001 2120 1057 2155 esse
1067 2112 1201 2166 statuunt3
1217 2102 1343 2154 incertior
1353 2117 1395 2153 res
1404 2109 1443 2152 est
1453 2098 1487 2150 de
1496 2099 1566 2151 Aziri
1578 2100 1689 2167 regione
1698 2139 1707 2161 ‚
1716 2119 1799 2169 quam

170 2181 256 2252 ipsum
267 2181 353 2234 locum
367 2180 516 2233 Bombaram
528 2180 628 2250 Synesii
641 2195 697 2231 esse
713 2177 835 2232 affirmat.
850 2179 961 2233 Temere
1002 2179 1035 2232 ad
1047 2179 1111 2233 bod.
1132 2179 1213 2233 Wadi
1230 2179 1345 2234 Temmin
1357 2176 1486 2231 referunt.
1503 2178 1540 2228 Ut
1554 2187 1649 2241 otest,
1662 2178 1731 2229 nihil
1748 2181 1801 2230 He·

172 2259 200 2312 id
209 2260 264 2312 lieri
274 2259 499 2324 oensetBarthius,
510 2260 556 2328 qui
566 2275 651 2328 nuper
659 2257 774 2312 eundem
783 2259 871 2312 locum
880 2258 959 2324 adiit3
1002 2259 1091 2313 rodoti
1103 2260 1220 2312 narratio
1243 2258 1335 2322 hebet,
1354 2255 1427 2328 quod
1440 2273 1502 2308 cum
1520 2255 1672 2308 Stadiasmo
1683 2271 1801 2327 nequeat

173 2355 234 2392 nam
247 2339 357 2390 minime
368 2337 401 2390 ad
414 2337 577 2392 catacombas
590 2339 652 2389 istas
667 2347 832 2408 ceteramque
840 2337 960 2392 locorum
1003 2340 1146 2392 conciliari.
1162 2340 1228 2391 Nam
1244 2348 1275 2390 ut
1287 2337 1384 2408 passim
1396 2334 1487 2387 insulae
1498 2335 1533 2386 de
1550 2336 1637 2387 vicina
1656 2338 1801 2388 continen-

172 2428 293 2470 naturam
303 2415 395 2470 relerri
412 2434 488 2488 posse
502 2415 581 2470 verba
599 2417 709 2488 Synesii,
723 2417 787 2486 qui:
805 2417 884 2487 «ὅρος
895 2417 960 2472 ἐστίν
1003 2419 1037 2470 tis
1045 2419 1153 2487 regione
1168 2433 1264 2470 nomen
1283 2415 1390 2478 habent,
1403 2415 1442 2466 sic
1452 2414 1539 2467 Platea
1552 2425 1579 2467 et
1588 2417 1802 2468 continentislo-

171 2494 316 2568 ὴΒάμάαια
335 2495 459 2560 sicilicula
478 2496 639 2548 συνελθοῦσαι
658 2497 733 2564 τέχνη
748 2495 789 2547 καί
802 2495 961 2568 eleusippi·
1003 2507 1087 2549 cuset
1103 2497 1204 2561 insula,
1217 2496 1250 2548 ab
1269 2494 1325 2547 aliis
1338 2492 1553 2557 Aedoniadicta,
1571 2495 1662 2546 vocari
1683 2507 1799 2565 poterat.

173 2593 247 2630 σαντο
256 2574 429 2646 ἐρυμνότατον.
440 2575 520 2628 Τοῦτο
529 2574 570 2627 καί
582 2574 658 2628 τάλαι
668 2575 712 2645 μίν
722 2573 843 2646 εδδοκίμει
852 2577 960 2642 δικαίως,
1004 2577 1097 2646 Ipsum
1111 2591 1295 2638 veronomen,
1306 2589 1389 2644 quum
1403 2589 1517 2641 gracum
1528 2589 1585 2624 esse
1599 2571 1737 2637 rideatur,
1754 2578 1802 2627 mi-

174 2657 215 2708 ιιοιί
225 2675 287 2718 τινες
300 2656 360 2708 αδτδ
373 2654 439 2726 παρά
455 2653 497 2716 τδς
514 2653 645 2725 Αἰγυπτίας
657 2653 773 2721 ἐξήταζον
788 2656 841 2725 cip
851 2675 959 2730 ιγγιις,
1003 2671 1055 2706 nus
1066 2652 1178 2724 quadrat
1190 2655 1219 2705 in
1231 2652 1342 2706 insulam
1356 2652 1435 2704 altam
1451 2660 1478 2704 et
1492 2669 1612 2703 saxosam
1623 2669 1709 2721 quam
1720 2655 1748 2704 in
1762 2673 1801 2706 re-

174 2734 228 2786 νυνί
245 2733 271 2787 δί
287 2735 393 2805 κίαριται
412 2733 449 2786 rit
471 2738 638 2803 πανταχοῦ
658 2735 751 2804 τείχη
765 2737 865 2788 νικᾶν.
883 2736 962 2791 Pium
1004 2734 1111 2802 ponem
1130 2732 1295 2803 oppositam,
1318 2747 1377 2800 quae
1394 2731 1464 2781 inter
1481 2730 1642 2800 Cyrenaicos
1657 2743 1801 2786 monteset

174 2811 209 2864 de
226 2813 267 2866 bis
290 2811 361 2884 apud
380 2813 466 2885 ipsum
480 2811 617 2866 Bartbium
631 2812 731 2881 legeris.
754 2813 876 2867 Ceterum
893 2815 960 2870 Tab.
1004 2813 1156 2883 proximum
1178 2829 1195 2862 a
1213 2808 1323 2862 meridie
1344 2818 1500 2860 montanum
1522 2819 1639 2861 tractum
1658 2811 1800 2863 intercedit

174 2892 295 2961 Peuting.
306 2910 320 2945 e
331 2890 418 2945 media
431 2893 482 2954 ria,
494 2908 552 2961 quaa
563 2890 597 2944 ab
610 2891 743 2963 Antipera
752 2903 778 2945 at
791 2893 903 2946 Miziriu
911 2893 963 2947 du·
1004 2890 1056 2943 lata
1069 2908 1100 2943 ac
1113 2889 1243 2961 depressa.
1262 2893 1329 2956 Quae
1342 2904 1427 2958 quum
1441 2888 1477 2940 ita
1493 2888 1560 2952 sint,
1576 2887 1753 2942 vehementer
1762 2902 1800 2943 ta-

176 2970 221 3033 cit,
236 2968 419 3023 deflectentem
435 2986 526 3022 versus
540 2969 601 3022 litus
618 2970 780 3022 maritimum
792 2972 861 3023 riam
876 2982 960 3037 notat,
1006 2987 1067 3022 men
1080 2986 1180 3033 vereor,
1199 2986 1233 3021 ne
1244 2969 1272 3020 in
1292 2967 1362 3019 libro
1377 2976 1468 3019 nostro
1480 2984 1534 3018 nou
1553 2966 1588 3018 de
1608 2966 1699 3020 Platea
1710 2971 1800 3037 ignoto

175 3047 307 3120 adscripto
318 3049 427 3101 nomine
442 3049 529 3102 Gonia
534 3070 544 3111 ;
556 3050 602 3119 qui
622 3047 695 3101 locus
706 3049 747 3104 rel
764 3048 796 3103 ed
816 3052 902 3122 ipsum
913 3053 962 3105 Pe·
1005 3046 1112 3101 aliunde
1125 3048 1283 3101 continentis
1291 3046 1360 3110 loco,
1374 3044 1464 3098 cedde
1477 3046 1571 3110 insula,
1584 3057 1615 3098 ut
1624 3048 1701 3118 apud
1717 3050 1800 3102 Hero

175 3137 288 3181 tractem
303 3127 344 3182 vel
361 3126 395 3181 ad
413 3128 553 3182 stationem
575 3128 691 3181 Petranti
711 3130 859 3201 proximam
877 3140 964 3203 potest
1006 3127 1100 3180 dotum
1112 3138 1139 3181 et
1156 3128 1287 3199 Scylacem
1301 3138 1328 3180 et
1346 3124 1522 3196 Stephanum,
1538 3143 1626 3177 senno
1646 3128 1697 3192 sit,
1721 3140 1800 3199 atque

175 3206 278 3261 referti.
718 3266 720 3270 v
1007 3204 1104 3277 duplex
1118 3205 1209 3258 insulae
1221 3222 1329 3269 nomen,
1342 3204 1455 3257 ίίλατιῖιι
1465 3202 1481 3270 ἡ
1492 3204 1535 3256 καί
1548 3202 1661 3271 Ἀηδονία
1673 3206 1701 3257 in
1709 3208 1801 3260 codice

211 3289 284 3354 §lb
308 3284 495 3357 Πλατιῖαν]
517 3284 638 3340 Σταδαίαι
657 3295 683 3339 et
703 3288 765 3353 §la
786 3286 834 3341 άπδ
854 3288 964 3351 mering
1007 3293 1239 3337 commemoretur.
1251 3285 1355 3337 Etenim
1367 3284 1389 3335 si
1407 3285 1436 3335 in
1450 3284 1602 3336 continente
1614 3284 1706 3339 Platea
1725 3299 1798 3347 erat,

176 3362 275 3429 codex,
296 3362 362 3417 adeo
379 3374 411 3416 ut
427 3364 492 3435 quid
507 3375 600 3418 auctor
623 3364 727 3418 dederit
743 3382 838 3437 parum
852 3366 961 3438 liqueat.
1007 3362 1196 3435 exspectaveris
1206 3362 1241 3415 de
1250 3364 1320 3435 ὅρμῳ
1329 3362 1428 3434 aliquid
1440 3365 1553 3428 moneri,
1563 3381 1650 3433 quum
1661 3376 1752 3435 aptam
1764 3370 1799 3420 ibi

177 3442 297 3497 Dubium
316 3460 380 3497 vero
402 3462 456 3496 non
471 3454 525 3507 est,
545 3444 610 3514 quin
624 3443 695 3497 idem
706 3462 804 3497 nomen
821 3445 962 3514 indicetur,
1007 3443 1113 3495 stationi
1126 3459 1200 3495 oram
1215 3460 1271 3494 esse
1287 3459 1389 3513 meppae
1402 3442 1513 3495 cautim
1526 3442 1670 3495 ostendant
1675 3464 1684 3507 ς
1703 3444 1798 3498 deinde

117 3522 119 3525 ’
177 3520 249 3591 quod
261 3519 296 3573 de
309 3520 392 3573 insula
408 3521 417 3593 (
433 3522 552 3591 Bomio)
566 3522 663 3577 habent
674 3523 840 3590 Herodotus,
855 3526 962 3596 Scylax,
1009 3539 1071 3574 vero
1080 3523 1183 3574 miraris
1193 3540 1243 3574 cur
1252 3540 1307 3574 non
1319 3538 1446 3574 unacum
1456 3520 1616 3574 continentis
1627 3520 1688 3575 loce
1699 3542 1799 3584 memo·

177 3598 333 3670 Stephanus.
349 3598 428 3669 Apud
446 3598 576 3653 Herodot.
591 3602 641 3667 IV,
665 3600 725 3655 151.
749 3602 808 3655 153.
834 3603 893 3658 156.
913 3610 963 3675 169
1008 3610 1101 3654 rentur
1112 3618 1172 3671 que
1189 3601 1226 3653 ibi
1237 3612 1313 3655 erant
1325 3602 1536 3669 turrisetaqua,
1555 3599 1602 3652 sed
1619 3618 1654 3653 ex
1666 3602 1753 3656 insula
1767 3604 1797 3657 ad

178 3677 263 3729 insula
274 3678 359 3730 ionice
368 3687 476 3730 vocatur
490 3676 590 3731 marta
601 3680 612 3748 (
624 3679 724 3733 Πλάτεα
737 3691 763 3733 et
774 3678 888 3735 Ιίλάταια
906 3702 962 3738 var.
1009 3697 1052 3733 eas
1073 3690 1166 3733 auctor
1186 3679 1318 3733 amandet.
1338 3681 1398 3732 Huc
1416 3677 1517 3731 accedit
1536 3677 1609 3749 quod
1628 3685 1798 3749 grammatica

178 3754 237 3806 lcct.
252 3753 277 3824 );
288 3770 331 3824 ap.
347 3754 472 3826 Stephon.
487 3756 549 3825 Byr.
562 3766 601 3809 cet
614 3758 726 3811 Illerris
738 3769 764 3812 et
782 3758 920 3827 Πλαταιίς
936 3764 963 3817 in
1010 3756 1151 3811 verborum
1162 3760 1230 3811 ratio
1243 3758 1378 3812 turbatum
1387 3757 1484 3828 aliquid
1494 3774 1550 3810 esse
1562 3756 1672 3813 indicet.
1683 3762 1719 3814 Ni
1728 3762 1799 3817 fallor

179 3831 283 3903 Scylace
297 3831 382 3885 codex
399 3832 518 3886 Πλατείαι
537 3835 622 3907 (sic).
640 3835 681 3889 Cl.
703 3837 826 3892 Diodori.
844 3841 872 3893 in
883 3841 963 3895 ibes.
1009 3846 1102 3889 auctor
1111 3838 1148 3889 ita
1157 3836 1279 3907 scripsit:
1292 3834 1341 3889 άτδ
1350 3839 1394 3889 τοῦ
1405 3836 1534 3906 Βατράχου
1544 3835 1577 3899 είς
1591 3838 1720 3892 Πλατεῖαν
1734 3843 1745 3912 [
1758 3848 1797 3909 νῇ-

179 3928 219 3979 gr.
230 3910 255 3963 ν’.
272 3910 392 3964 Πλατιῖα.
408 3912 418 3980 ΙΙ
434 3911 637 3986 -·Σιδωνία]
651 3914 805 3985 legendum
818 3916 897 3971 luerit
911 3916 965 3986 ’λη-
1011 3935 1055 3968 σον
1065 3917 1076 3987 ]
1088 3916 1182 3968 στάδιοι
1194 3915 1238 3986 ρι’·
1255 3915 1358 3987 epona
1369 3914 1472 3986 πελάγιι
1488 3918 1568 3968 κεῖται
1580 3915 1628 3970 διδ
1641 3921 1751 3974 σταδίων
1764 3923 1796 3974 λ’.

180 3989 439 4055 δονίαοΡίοίειιιιιτο,
454 3990 502 4044 ubi
520 3990 626 4059 ’ληδονίς
635 3997 708 4060 νῆσος
721 3993 730 4065 (
744 3992 857 4059 Ἆνδονίς,
876 3994 966 4050 'Aetio-
1011 3993 1186 4067 ἔχειδφορμον
1206 3994 1300 4064 δερινδν
1319 3995 1461 4065 φορτηγοῖς·
1488 3993 1542 4064 ἔχει
1559 3994 1666 4068 utum
1685 4000 1745 4054 ατλ.
1759 4002 1798 4055 ,td

180 4069 215 4131 νίς
227 4088 281 4123 rar.
303 4070 375 4134 lect.;
389 4070 451 4123 olim
466 4070 543 4142 vulgo
560 4070 685 4139 Ἀηδιυνίς,
701 4073 774 4144 quod
785 4074 813 4127 in
833 4075 966 4146 Wilbergi
1010 4072 1066 4126 lraec
1078 4074 1185 4144 quidam
1196 4073 1335 4145 adscripsit
1347 4090 1355 4126 ι
1366 4076 1440 4139 νῆσος
1448 4072 1588 4145 ααλουρὲνη
1603 4074 1729 4144 boeotia,
1744 4100 1799 4152 qua

179 4147 259 4203 codd.
280 4168 334 4203 non
355 4148 464 4202 obvium
485 4153 506 4220 ).
531 4150 613 4205 Paulo
635 4152 720 4205 lenior
739 4156 874 4225 corruptio
895 4155 967 4226 apud
1011 4152 1107 4207 ddude
1118 4172 1180 4207 cum
1198 4153 1287 4207 verbis
1302 4157 1417 4208 auctoris
1434 4154 1546 4208 conflata
1556 4167 1628 4209 sunt.
1646 4160 1685 4211 Ut
1702 4161 1740 4214 ita
1752 4175 1799 4215 su-

180 4228 321 4298 Scylacem,
335 4227 381 4280 ubi
391 4226 474 4281 codex
483 4229 599 4283 Διδωνία.
610 4230 691 4297 Quod
704 4227 853 4286 distantiam
864 4236 967 4300 attinet,
1012 4242 1084 4286 tuam
1102 4232 1174 4287 haud
1198 4235 1338 4288 minimum
1356 4244 1515 4297 memoret,
1535 4234 1608 4306 quod
1620 4238 1708 4291 tribus
1723 4240 1799 4313 hujus

180 4306 263 4359 stadia
275 4306 328 4361 250
337 4305 441 4360 admitti
454 4319 603 4378 nequeunt;
616 4310 671 4380 lege
686 4309 732 4381 ρι’.
747 4312 831 4380 Igitur
843 4312 921 4367 rerba
932 4314 968 4368 ita
1011 4311 1110 4384 parapli
1119 4313 1196 4379 locis,
1211 4313 1308 4383 quibus
1321 4312 1418 4384 duplex
1434 4311 1552 4383 ejusdem
1569 4312 1620 4367 loci
1634 4334 1734 4372 nomen
1747 4340 1799 4374 me·

180 4384 287 4451 babent,
308 4396 339 4439 ut
351 4384 439 4439 dicere
450 4397 543 4440 auctor
552 4386 674 4441 rideatur
688 4400 746 4460 post
763 4390 920 4445 Batrachum
939 4392 967 4445 iu
1013 4403 1141 4458 moratur,
1163 4392 1190 4445 id
1207 4403 1262 4446 tam
1284 4396 1442 4447 inconcinna
1461 4412 1565 4465 semper
1587 4397 1691 4450 ratione
1713 4400 1759 4465 lit,
1772 4414 1800 4455 ut

180 4482 227 4517 ora
235 4466 367 4517 maritima
379 4466 453 4536 sequi
465 4464 590 4531 Plateam,
605 4468 647 4519 cui
659 4467 761 4537 objecta
774 4470 808 4521 sit
822 4470 856 4523 30
868 4468 967 4523 stadio-
1012 4487 1091 4523 nemo
1103 4470 1298 4541 interpolatoris
1304 4488 1412 4525 manum
1422 4489 1477 4526 non
1486 4472 1676 4544 deprehendat.
1691 4478 1758 4546 Sic§
1769 4481 1799 4531 Sti

180 4560 241 4595 rum
254 4542 388 4596 intervallo
398 4542 518 4597 Aedonia
526 4544 611 4598 insule
620 4544 856 4599 sistendisnaribus
867 4564 968 4601 accom-
1012 4548 1122 4619 legimus
1136 4548 1184 4603 δτδ
1195 4549 1365 4620 Πτολιμαΐδος
1376 4550 1409 4613 είς
1423 4551 1542 4623 Τείχιιρα
1553 4554 1649 4606 στάδιοι
1660 4574 1725 4609 αν...
1741 4558 1799 4625 irim

181 4620 272 4676 moda.
288 4622 407 4678 Aedonia
415 4622 458 4677 illa
465 4640 520 4677 non
531 4624 581 4677 atta
592 4642 647 4677 esse
658 4636 743 4697 potest
752 4642 832 4696 quam
840 4626 969 4681 hodierna
1013 4627 1127 4682 καλεῖται
1143 4627 1264 4699 Ἀρσινόη.
1277 4632 1361 4683 Porro
1372 4630 1430 4699 §95
1497 4630 1531 4692 τίς
1541 4631 1573 4684 τά
1582 4632 1672 4704 Ἄραρα
1683 4638 1755 4689 ozee.
1768 4639 1797 4691 τ’.

181 4702 280 4755 Βοαιδιι
290 4703 345 4755 sire
357 4702 481 4757 Blourda
494 4702 588 4770 insula,
599 4704 650 4759 alta
660 4704 704 4758 illa
717 4716 743 4758 et
753 4720 857 4770 saxosa,
867 4706 903 4759 de
916 4723 969 4778 qua
1013 4708 1075 4778 άιρα
1095 4707 1147 4761 ἐστί
1165 4707 1247 4762 κτλ...
1268 4708 1387 4762 ίίαλεῖται
1414 4709 1555 4781 Ντάσιτορα.
1580 4711 1708 4767 Similiter
1729 4719 1746 4785 ς
1766 4720 1798 4786 93

181 4783 217 4835 ita
235 4780 322 4836 Pacbo
338 4798 367 4853 p.
386 4780 438 4836 52:
461 4802 472 4831 ι
495 4780 549 4835 Elle
562 4794 602 4837 est
622 4784 755 4855 peut-etro
769 4784 793 4837 la
810 4785 881 4839 seule
896 4784 931 4839 de
944 4785 969 4840 la
1013 4804 1096 4859 quum
1114 4798 1208 4842 auctor
1220 4788 1345 4841 Νεάπολιν
1357 4787 1452 4859 (cujus
1461 4808 1559 4843 nomen
1572 4790 1599 4843 io
1613 4792 1675 4846 cod.
1686 4796 1799 4865 excidit)

180 4862 359 4933 Mumarique
381 4861 427 4931 qui
446 4860 513 4915 ollra
532 4879 627 4915 encore
648 4862 683 4916 de
704 4882 753 4917 nos
766 4863 842 4934 jours
856 4882 892 4917 un
914 4864 969 4919 bon
1014 4878 1182 4920 memorasset
1198 4877 1224 4920 et
1238 4866 1314 4939 plura
1327 4866 1361 4921 de
1374 4885 1404 4921 ea
1422 4871 1581 4934 monuisset,
1594 4871 1709 4943 abnrpte
1720 4875 1796 4945 subji-

182 4937 354 5010 rnouillage...
371 4938 541 4993 llsautaussi
555 4940 766 5015 considererque
777 4943 829 4997 l’ile
844 4942 878 4997 de
891 4946 970 4998 Boni·
1013 4946 1120 4998 ciuntur
1133 4946 1214 5000 rerba
1230 4946 1312 5014 τλίίτη
1324 4946 1437 5000 καλεῖται
1450 4948 1545 5009 beeck.
1558 4948 1622 5001 Tale
1632 4950 1714 5018 igitur
1729 4952 1797 5004 aildi-

182 5014 216 5068 ba
231 5016 385 5071 estleseule
399 5014 415 5071 i
427 5016 532 5074 l’orient
543 5019 577 5073 de
589 5019 707 5093 Cyrene,
724 5024 770 5093 qui
786 5024 899 5094 paraisse
913 5039 970 5077 sus-
1014 5034 1158 5077 tamentum
1172 5026 1252 5079 etiam
1272 5028 1300 5078 in
1323 5036 1445 5080 nostrum
1461 5026 1550 5080 locum
1569 5027 1707 5099 irrepsisse
1720 5029 1792 5083 dom.

183 5093 294 5163 ‹eptible
310 5096 412 5151 d’avoir
428 5100 471 5152 ite
489 5098 635 5173 longtemps
653 5100 787 5155 habites...
806 5104 856 5155 Les
870 5102 970 5157 Arabe
1014 5105 1137 5175 Superest
1147 5115 1178 5157 ιιι
1189 5104 1223 5158 de
1234 5105 1337 5177 Scylace
1347 5122 1480 5159 moneam.
1492 5108 1595 5159 lsenim
1607 5107 1678 5160 inter
1688 5110 1795 5162 Plateam

184 5172 268 5227 m’ont
286 5178 374 5230 nesure
391 5176 469 5248 qu‘ils
487 5180 589 5233 avaient
614 5198 649 5234 vu
673 5190 785 5235 sourent
803 5181 850 5235 des
867 5184 970 5237 navires
1014 5192 1041 5237 et
1057 5182 1203 5237 Aedoniam
1217 5185 1314 5238 insulas
1329 5184 1468 5256 distinguit
1479 5202 1507 5257 p.
1525 5184 1579 5239 δίε
1599 5184 1625 5239 ἐν
1638 5185 1666 5239 δὲ
1682 5192 1719 5257 τῷ
1736 5190 1796 5260 μίτῳ
