3775 5750
177 369 253 416 xcvt
832 343 1132 407 Ptoteeottssut.

179 473 295 532 cuidam
306 468 569 539 Arriano,bomini
581 467 791 538 Alexandrino,
802 468 963 546 inscripsit.
1007 468 1227 527 narrationibus
1240 469 1287 526 vel
1306 469 1411 526 diariis
1425 469 1702 546 totumopusculum
1722 490 1792 528 con-

177 568 360 644 Quamqnam
370 584 436 640 qute
447 583 494 622 res
507 565 560 634 sit,
575 563 628 620 vix
639 582 814 640 quemquam
830 576 963 621 veterum
1007 566 1182 623 sarcinatum
1213 582 1290 634 esse,
1312 565 1363 621 sed
1389 564 1483 642 ipsum
1510 576 1657 622 auctorem
1678 578 1793 640 partem

178 663 323 720 librorum
343 679 398 718 usu
412 660 511 737 paullo
527 657 757 716 exercitatiorem
773 657 901 716 latuerit.
914 655 963 715 vi·
1008 659 1224 738 emporiorum,
1237 677 1302 734 quae
1316 657 1467 728 describit,
1484 658 1602 734 adiisse,
1617 671 1678 716 tum
1692 678 1745 736 per
1762 679 1795 718 se

179 758 384 832 delicetquum
396 775 455 812 non
469 753 556 812 modo
567 752 799 831 periplusmaris
809 751 963 829 Erythrai,
1007 751 1161 830 probabile
1178 763 1237 826 est,
1265 763 1324 809 turn
1349 752 1494 810 indicatur
1514 754 1585 828 §ao
1608 772 1637 830 p.
1655 755 1724 826 273,
1744 774 1795 823 oo,

180 852 231 910 sed
242 853 329 909 etiam
345 849 491 926 Anonymi
502 849 633 926 periplus
647 847 733 905 Ponti
743 847 847 904 Euxini
863 846 964 926 [cujus
1008 849 1059 907 ubi
1068 862 1169 907 contra
1178 849 1605 926 moremveterumscriptorum
1613 847 1798 908 Nosteresua
1880 873 1881 916 g

180 968 249 1026 pars
260 947 407 1026 posterior
429 959 495 1003 ante
509 946 683 1003 drrianeum
708 943 796 1000 Ponti
818 944 964 1022 periplurn
1008 945 1099 1022 ipsius
1117 963 1243 1023 persona
1262 943 1395 1020 loquitur
1414 943 1483 1004 :tio
1503 944 1548 1002 καί
1569 943 1730 1010 εἰσπλέοντες
1749 944 1796 1003 τὸν
1880 939 1881 988 3

180 1045 213 1100 in
226 1043 293 1100 cod.
309 1039 440 1100 lleidelb.
457 1039 582 1118 legitur)
597 1040 724 1096 Arriano
737 1037 893 1110 tribuatur,
912 1058 967 1096 nec
1008 1039 1088 1116 μέσον
1100 1041 1182 1097 πλοῦν
1197 1037 1400 1118 κατέχομεν,
1413 1039 1458 1096 καὶ
1473 1041 1508 1104 εἰς
1521 1037 1569 1108 τὴν
1579 1037 1721 1117 Ἀραὸινὴν
1736 1038 1794 1117 χὼ·
1880 1063 1881 1066 ’

179 1140 242 1196 ullo
272 1137 424 1196 titulorum
443 1136 555 1195 indicio
579 1135 689 1194 diversi
719 1134 837 1192 Arriani
862 1135 966 1192 distin·
1009 1155 1056 1213 ραν
1072 1132 1517 1212 μᾶλλονπαροξύνεμιν.ί3ί.5
1540 1135 1588 1202 te,
1603 1153 1632 1210 p.
1647 1137 1717 1210 293,
1739 1155 1795 1190 12:

180 1246 306 1311 guantur
330 1253 338 1294 ι
359 1234 435 1290 nihil
452 1232 574 1290 dubium
595 1244 657 1302 est,
683 1235 756 1308 quin
782 1231 966 1289 notissimum
1009 1230 1043 1289 τέο
1062 1230 1125 1312 πρὸς
1146 1229 1194 1302 riu
1219 1229 1347 1310 ἐμπορίαν
1369 1226 1417 1300 τὴν
1445 1227 1626 1307 ἡμετέραν.
1653 1231 1796 1299 Quaenom

181 1350 285 1388 nornen
298 1329 453 1409 scriptoris
465 1327 685 1387 Nicomedensis
698 1327 735 1386 ad
748 1327 862 1385 vicinos
874 1327 966 1386 libel-
1009 1347 1080 1387 vero
1096 1329 1159 1406 ipse
1170 1327 1277 1386 viderit
1291 1341 1319 1384 et
1334 1347 1398 1403 quae
1412 1326 1537 1384 aliorum
1556 1345 1593 1383 ex
1614 1325 1671 1384 lide
1686 1326 1799 1398 tradat,

180 1426 225 1484 los
233 1424 422 1483 librariorum
429 1422 726 1481 arbitriotranslatum
738 1422 786 1480 sit.
797 1423 967 1480 tcomnino
1009 1442 1045 1480 ex
1066 1422 1307 1481 commerciorum
1330 1423 1442 1480 ratione
1460 1435 1489 1480 et
1509 1421 1683 1479 narrationis
1698 1420 1800 1478 indole

181 1523 288 1599 sepius
303 1523 345 1591 lit,
357 1535 389 1578 ut
399 1521 512 1578 minuta
524 1519 707 1578 diversorum
722 1531 871 1577 suetorum
886 1539 968 1597 opu·
1010 1517 1041 1575 in
1056 1517 1124 1575 aliis
1135 1516 1205 1574 libri
1221 1517 1352 1594 partibus
1363 1517 1421 1574 alia
1435 1517 1512 1574 inim
1528 1515 1709 1591 colligemus.

183 1618 264 1677 scula
275 1637 342 1694 quae
360 1620 390 1674 in
405 1616 507 1674 eodem
524 1627 694 1697 argumento
707 1627 863 1672 versantur
874 1613 906 1672 in
918 1632 968 1671 eo·
1053 1613 1118 1670 168.
1128 1612 1171 1668 De
1181 1631 1273 1669 arm
1283 1631 1445 1669 scntrrosts
1454 1615 1574 1688 qnaestio
1588 1631 1646 1668 non
1659 1623 1715 1668 tarn
1727 1630 1800 1668 vere

185 1711 310 1789 deinque
336 1711 485 1769 volumine
504 1709 682 1787 conjunctim
703 1707 837 1766 exhiberi
855 1707 967 1778 solent,
1010 1707 1151 1785 impedita
1163 1718 1207 1764 est
1221 1725 1307 1784 quam
1321 1706 1515 1763 recentiorum
1535 1706 1717 1782 quorundam
1732 1707 1800 1783 opi·

182 1803 220 1861 ad
232 1804 356 1861 eundem
376 1805 463 1861 etiam
483 1817 629 1862 auctorem
644 1802 816 1862 reserantur.
827 1802 967 1861 Nostrum
1011 1801 1180 1860 nationibus
1192 1801 1357 1862 obscurata.
1378 1801 1508 1860 Primum
1530 1801 1622 1878 liquet
1642 1803 1800 1880 scripsisse

182 1917 255 1956 vero
270 1898 401 1957 libellum
416 1911 496 1957 tanto
504 1899 649 1978 promtius
659 1897 765 1976 aliquis
776 1896 903 1956 Arriano
913 1896 967 1954 tri·
1011 1897 1147 1956 Nostrum
1158 1911 1225 1980 post
1240 1910 1372 1974 tempora
1391 1897 1528 1972 Augusti,
1544 1897 1684 1974 quoniam
1699 1899 1796 1975 impe-

182 1993 273 2053 buere
298 1996 407 2073 potuit,
432 1997 457 2055 si
482 1996 518 2053 de
539 1996 660 2074 paraplo
686 1995 777 2053 maris
805 1993 965 2071 Etythraei,
1012 2007 1141 2066 ratoruni
1155 1993 1352 2054 ilomanorunr
1368 1993 1477 2050 mentio
1491 1993 1614 2068 besni,
1627 2013 1658 2070 p.
1675 1995 1799 2064 a7t‚5:

182 2090 280 2166 quiin
300 2089 540 2148 lndicahistoriu
563 2090 680 2148 Arriani
699 2089 966 2166 legitur,quaedarn
1011 2088 1175 2168 Χοριὸαὴλ,
1208 2087 1330 2164 ένθεσμος
1356 2086 1477 2168 βασιλεὺς
1507 2089 1586 2146 ἐθνῶν
1609 2087 1668 2161 δύο,
1700 2093 1748 2146 τοῦ
1771 2112 1800 2146 τε
1880 2127 1881 2162 3

183 2184 376 2242 inaudirerat.
404 2185 481 2243 Bene
505 2185 561 2243 hoc
575 2185 665 2244 sensit
675 2183 850 2253 Vincentus,
863 2197 892 2241 et
911 2204 968 2262 pro
1011 2181 1159 2262 Ὁμηρίτου
1171 2182 1217 2242 καὶ
1239 2187 1285 2242 τοῦ
1299 2181 1492 2262 παρακειμένου
1511 2177 1657 2254 Σαὸαίεου,
1673 2183 1799 2261 συνεχέσι

183 2290 262 2335 certo
271 2291 433 2337 statuerunt
443 2279 686 2338 Scltwanbecliius
699 2298 732 2336 ac
742 2277 966 2354 Bernhardyus3
1010 2277 1161 2355 πρεοὸείαις
1184 2278 1230 2336 καί
1245 2277 1336 2355 δώροις
1357 2277 1429 2356 φίλος
1452 2279 1503 2334 τῶν
1522 2277 1798 2360 οὗτοαραπέρουν.

183 2391 237 2430 nec
259 2373 342 2430 aliter
357 2374 503 2432 censuisse
516 2373 704 2432 existimandi
725 2386 793 2432 sunt
809 2374 898 2430 ceteri
916 2372 967 2450 qui
1011 2375 1123 2433 Deinde
1137 2389 1232 2434 autem
1246 2375 1404 2432 Ptolemaeo
1417 2357 1612 2450 antiquiorem
1633 2375 1723 2432 luisse
1734 2395 1802 2450 geo-

183 2468 331 2547 periplum
349 2484 480 2529 nostrum
500 2469 556 2529 su'b
569 2471 687 2528 Arriani
702 2470 821 2529 nomine
836 2470 968 2527 circum·
1010 2470 1148 2548 graphica
1169 2469 1303 2548 probant.
1325 2469 1396 2528 Nam
1417 2469 1454 2527 de
1471 2469 1647 2526 lndia'extra
1664 2469 1800 2546 Gangem

185 2563 254 2622 lerri
267 2566 376 2642 passim
389 2578 566 2624 monuerunt
575 2563 621 2645 (Ἰ.
1010 2566 1066 2624 sita
1077 2564 1150 2624 nihil
1163 2563 1268 2624 Noster
1284 2566 1361 2643 sapit
1375 2565 1452 2623 ultro
1465 2583 1499 2622 ea
1513 2581 1578 2642 quie
1593 2564 1661 2622 inde
1675 2563 1712 2622 ab
1727 2565 1802 2623 Era·

227 2663 499 2732 167.Aucto'remin
508 2660 851 2737 AEgyptovixissepatet.
865 2656 968 2716 ltaha·
1011 2660 1141 2718 tostbene
1165 2679 1256 2735 usque
1284 2661 1320 2718 od
1347 2659 1477 2718 Plinium
1501 2660 1698 2730 tradebantur,
1727 2660 1801 2718 dum

184 2754 258 2830 bets
269 2776 307 2830 πρ
318 2776 347 2832 p.
359 2758 426 2825 aiio,
438 2756 454 2812 ⁵
467 2777 474 2810 ι
486 2755 555 2814 Ἰἐνίι
566 2753 612 2811 καί
624 2757 674 2810 τῶν
683 2776 727 2810 πα
736 2755 763 2830 ρ’
782 2756 864 2828 ἡμῖν
876 2754 907 2810 ir
918 2755 968 2813 Αί-
1011 2756 1103 2814 multo
1113 2757 1275 2814 accuratius
1289 2757 1325 2813 de
1339 2755 1385 2814 his
1395 2755 1582 2814 Ptolemaeum
1591 2755 1724 2814 edoctum
1735 2777 1802 2815 esse

184 2849 415 2931 γύπτῳδένδρων
424 2849 532 2930 δακρύει
542 2850 572 2908 τὸ
582 2849 677 2927 κόμμι.
688 2849 813 2907 Nomina
825 2849 968 2908 mensium
1011 2864 1122 2910 constat
1130 2849 1183 2930 [**).
1196 2850 1353 2929 Scripsisse
1364 2871 1429 2909 eum
1438 2865 1503 2909 ante
1512 2851 1656 2910 sublatum
1665 2871 1682 2909 a
1691 2850 1801 2911 lloma-

185 2968 250 3005 cum
263 2950 393 3017 romanis
406 2947 506 3026 jungit
521 2948 662 3027 aegyptia,
678 2961 710 3005 ut
723 2948 740 3023 S
754 2948 772 3002 o
788 2967 819 3024 p.
840 2948 909 3017 263,
923 2949 941 3003 6
958 2968 964 3003 :
1013 2948 1059 3004 nis
1070 2966 1189 3021 regnum
1213 2945 1442 3025 Nabataeorum(
1449 2967 1497 3019 nn.
1516 2948 1570 3003 105
1584 2968 1613 3025 p.
1632 2947 1666 3006 C.
1684 2945 1692 3026 l
1707 2948 1802 3024 liquet

185 3042 239 3101 ont
245 3042 327 3119 μηνὸς
338 3042 498 3121 Ἰανουαρίου
511 3042 590 3122 μέχρι
604 3047 651 3101 τοῦ
665 3038 862 3118 Σεπτεμὸρίου,
873 3039 889 3099 ί
900 3043 968 3099 ἐστιν
1011 3059 1047 3097 ex
1061 3042 1078 3117 S
1094 3061 1140 3115 ¹9·
1159 3041 1254 3099 Porro
1269 3041 1385 3099 Plinius
1396 3040 1445 3111 Vl,
1467 3043 1532 3118 265
1558 3049 1610 3108 roi
1627 3042 1664 3099 de
1679 3044 1801 3117 naviga·

186 3139 239 3197 ἀπὸ
253 3138 323 3199 Τυόλ
333 3139 382 3207 ἕως
397 3138 471 3200 eet.
488 3142 505 3217 S
520 3142 569 3215 39,
583 3161 614 3219 p.
631 3140 701 3211 288,
714 3138 750 3195 5:
771 3136 839 3218 Περὶ
850 3136 893 3194 τὸν
904 3134 969 3195 Ἰού·
1011 3137 1090 3194 tione
1105 3137 1140 3194 ad
1151 3136 1242 3195 ludite
1256 3138 1387 3214 emporia
1399 3156 1451 3215 per
1465 3138 1554 3195 altum
1570 3137 1697 3215 llippalo
1709 3153 1801 3196 vento

186 3229 335 3314 λιονριῆνα,
359 3236 387 3304 ὅς
408 3234 596 3313 ίστινἘπιφί.
618 3232 693 3311 Cf.§
714 3242 761 3311 49,
785 3254 816 3311 p.
837 3232 968 3308 293,36.
1012 3231 1190 3289 instituenda
1210 3233 1397 3309 expositurus
1415 3232 1455 3289 ita
1477 3230 1591 3289 babet:
1621 3236 1730 3308 Diuque
1760 3241 1801 3289 ita

187 3332 205 3407 S
220 3332 256 3389 56
271 3352 300 3410 p.
313 3333 383 3407 298,
396 3334 445 3391 ab.
460 3330 539 3389 Idem
550 3350 640 3408 quum
655 3330 687 3387 itt
707 3326 908 3387 describendis
921 3325 970 3384 Li·
1012 3334 1172 3399 riuvigatum
1184 3342 1234 3397 est,
1248 3330 1336 3385 donec
1354 3331 1521 3403 compendia
1541 3334 1646 3385 invenit
1660 3344 1803 3387 mercator

186 3424 252 3502 byae
273 3438 302 3484 et
320 3426 396 3485 ,tsiae
415 3426 544 3504 puraplis
558 3445 576 3483 a
592 3424 732 3482 Berenice
752 3423 968 3500 proficiscatur,
1014 3426 1142 3499 litemque
1152 3427 1238 3479 India
1251 3428 1365 3480 admota
1381 3438 1434 3480 est.
1450 3428 1559 3501 Quippe
1572 3426 1700 3481 omnibus
1715 3434 1802 3482 aureis

186 3520 368 3599 alterumque
386 3524 454 3580 litus
474 3520 507 3579 τὰ
523 3519 594 3587 δεξιὰ
608 3520 661 3576 ἀπὸ
683 3518 832 3597 Βερενίκης,
847 3518 970 3575 alterum
1013 3527 1175 3595 navigatur,
1213 3528 1421 3598 sagittariorum
1457 3523 1615 3579 cohortibus
1645 3529 1795 3598 impositis,

186 3614 437 3692 steterentin
459 3615 598 3693 Βερενίκης
616 3615 711 3683 dicat,
728 3612 921 3690 probabiliter
939 3614 970 3670 in
1013 3622 1112 3672 etenim
1129 3623 1235 3691 piratoe
1250 3624 1377 3673 maxime
1402 3615 1585 3691 infestabant.
1612 3619 1673 3673 Nec
1688 3621 1802 3693 pigebit

187 3711 252 3788 ipsa
264 3711 417 3783 Berenice,
429 3710 620 3769 celeberrimo
635 3721 704 3766 tunc
714 3708 858 3785 emporio,
874 3706 970 3765 sedem
1014 3724 1098 3766 totum
1117 3732 1224 3767 cursum
1247 3714 1284 3767 ab
1301 3718 1423 3787 AEgypto
1439 3732 1592 3787 exponere,
1613 3732 1705 3767 niune
1725 3722 1801 3788 pri-

188 3806 298 3866 babuit.
316 3808 504 3866 lilercatorem
521 3808 610 3866 fuisse
632 3808 722 3864 totius
739 3804 808 3862 libri
824 3803 971 3862 rotiocla-
1014 3824 1098 3861 mum
1124 3820 1221 3860 certa
1248 3812 1372 3861 notitia
1397 3820 1616 3881 patescente.
1634 3806 1720 3884 Apud
1747 3807 1802 3863 No·
1880 3852 1881 3855 π

189 3916 258 3963 nsat.
275 3902 340 3963 Non
349 3904 475 3964 aliorum
487 3904 703 3981 negotiatorum
710 3914 921 3978 nautarumque
934 3919 971 3958 ex
1014 3913 1105 3958 strum
1121 3920 1190 3959 vero
1201 3902 1237 3959 de
1246 3902 1292 3961 his
1311 3902 1350 3959 ita
1362 3902 1495 3979 legiturs
1508 3904 1544 3975 57
1560 3924 1589 3980 p.
1604 3903 1660 3979 298
1676 3924 1683 3961 :
1696 3906 1722 3963 T
1724 3908 1801 3963 οῦπον

187 4101 293 4151 studiose
304 4101 415 4165 exposuit
423 4115 453 4151 ac
465 4102 646 4152 demonstrarit.
664 4104 735 4152 nunc
748 4114 825 4162 nuper
839 4099 941 4149 carolus
957 4098 1034 4149 ititter
1045 4100 1069 4150 in
1080 4100 1141 4151 libro
1156 4100 1300 4153 Brdltunde
1313 4102 1363 4152 vol.
1380 4105 1435 4163 ΙΙΙΙ,
1447 4115 1471 4165 p.
1486 4106 1532 4152 tis
1543 4114 1579 4163 sq.
1591 4100 1722 4151 rectissime
1731 4115 1801 4151 secu·

187 4173 227 4220 tus
239 4176 284 4221 est.
296 4191 308 4215 ι
317 4172 445 4222 -Nescio
460 4185 491 4221 sn
504 4174 551 4222 alis
561 4173 695 4223 vincentur
706 4172 731 4221 in
741 4172 817 4233 prima
823 4171 902 4232 operis
910 4169 947 4219 sui
959 4168 1073 4231 editione,
1089 4174 1134 4223 alls
1147 4172 1171 4221 in
1181 4174 1286 4223 mounda
1305 4174 1413 4223 senserit.
1430 4178 1457 4223 ln
1471 4173 1525 4233 bac,
1540 4186 1612 4235 quam
1625 4174 1700 4222 solam
1718 4173 1797 4223 mani·

188 4241 234 4290 bos
245 4246 315 4293 teneo
327 4244 337 4304 (
349 4242 400 4294 Tite
410 4256 548 4295 cmumerce
561 4244 618 4294 ond
627 4246 778 4305 castratur
791 4242 871 4303 ostiu
880 4242 998 4289 auctents
1010 4243 1039 4289 tn
1054 4240 1096 4291 tite
1106 4242 1201 4293 lndton
1215 4256 1301 4293 oecon.
1312 4246 1345 4303 ΙΙ,
1361 4244 1411 4293 rol.
1425 4244 1495 4293 init
1514 4242 1615 4294 london
1629 4248 1698 4293 ¹807.
1708 4244 1728 4304 i,
1740 4246 1802 4292 vin·

188 4316 272 4363 centus
281 4314 312 4364 de
321 4317 418 4364 nomine
429 4318 535 4365 auctoris
547 4315 606 4364 nibil
613 4314 738 4378 diiudicat,
746 4328 841 4374 renim,
852 4312 956 4373 risorie
970 4315 1113 4371 penetrum
1127 4312 1307 4374 sequestrium
1322 4315 1387 4362 esset
1403 4326 1494 4363 nornen
1508 4314 1631 4368 Arriani,
1647 4312 1802 4361 referendum

188 4383 213 4431 id
226 4397 278 4433 esse
288 4388 368 4435 censet
378 4386 409 4435 ad
422 4388 581 4435 mercatorem
596 4385 700 4448 aliquem
716 4384 915 4435 Alexandrinum.
927 4402 939 4425 r
954 4383 1019 4433 Wlto
1034 4384 1075 4432 tlte
1086 4382 1174 4431 autlror
1189 4382 1257 4443 uss(
1269 4382 1311 4441 sit,
1326 4386 1357 4443 tt,
1377 4396 1400 4444 p.
1412 4386 1424 4432 t
1438 4384 1458 4445 Ι,
1471 4384 1492 4432 is
1507 4382 1538 4444 by
1555 4396 1587 4430 no
1601 4382 1801 4444 meunsevident,

188 4451 233 4500 bot
248 4455 362 4517 certainly
371 4458 416 4504 not
430 4456 553 4505 Accianos
562 4454 728 4504 Nicomedia...
742 4457 764 4504 ΙΙ
775 4455 794 4503 Ιε
805 4456 849 4503 not
858 4452 1004 4513 impossible,
1015 4452 1083 4502 istite
1094 4452 1198 4515 periples
1206 4454 1235 4501 os
1244 4452 1285 4501 tlte
1296 4454 1427 4514 Erytlrrean
1439 4467 1479 4503 sca
1489 4465 1540 4501 was
1552 4451 1626 4501 found
1639 4464 1802 4514 anonymous,

188 4520 242 4570 tint
251 4523 269 4570 it
279 4536 329 4572 was
343 4525 473 4575 attributed
485 4528 511 4575 to
520 4538 552 4574 an
561 4524 649 4574 sother
660 4526 743 4574 whose
754 4537 824 4572 name
837 4534 870 4571 on
881 4524 971 4571 similar
982 4523 1088 4583 subiects
1102 4538 1153 4572 uns
1165 4524 1275 4573 familiar.
1294 4526 1341 4574 But
1355 4525 1375 4574 il
1386 4524 1469 4575 Arrian
1487 4525 1518 4573 be
1529 4524 1570 4573 tire
1587 4524 1635 4571 real
1644 4535 1714 4571 name
1723 4522 1749 4571 ol
1758 4523 1803 4572 tho

188 4592 277 4642 autbor
288 4606 344 4642 now
358 4596 435 4645 under
448 4595 649 4657 contenplation,
660 4595 709 4644 end
721 4598 764 4644 not
776 4594 904 4654 resinous,
919 4594 951 4642 lte
962 4606 1062 4655 appears
1077 4593 1136 4643 lrom
1146 4594 1249 4645 interna!
1264 4595 1377 4645 evidence
1391 4599 1417 4645 to
1429 4597 1489 4645 trare
1505 4596 1590 4644 beena
1605 4594 1692 4655 Greek,
1706 4606 1720 4642 a
1735 4594 1802 4643 nati-

189 4675 220 4712 ve
231 4661 259 4710 oi
273 4666 357 4724 Egypt,
368 4677 419 4713 ora
429 4665 532 4716 resident
545 4668 570 4715 in
580 4666 634 4715 tlrat
647 4666 758 4727 country,
770 4664 818 4713 and
833 4661 986 4711 smerclrant
998 4664 1025 4710 ot
1037 4663 1187 4713 Alexandria.
1204 4684 1216 4708 ν
1229 4664 1335 4715 ΙΙΙΙΙεπυε
1351 4666 1403 4712 Ιοοο
1418 4678 1432 4713 a
1444 4662 1551 4713 Fabricio
1564 4663 1660 4713 laudato
1672 4664 1703 4712 de
1715 4667 1802 4713 nostro

188 4732 305 4795 scriptore
312 4746 360 4782 non
369 4734 425 4795 agit,
437 4749 521 4785 verum
537 4739 591 4796 ΙΙΙΙ,
603 4749 626 4799 p.
637 4740 666 4786 tt
680 4737 712 4785 ita
724 4735 797 4783 babet
869 4751 882 4774 ι
890 4732 914 4780 in
925 4732 981 4781 dem
991 4731 1126 4784 bekannten
1136 4735 1244 4796 Periplus
1258 4736 1362 4785 welcher
1369 4736 1447 4785 ciuem
1457 4738 1523 4785 sonst
1534 4734 1705 4784 unbekanoten
1714 4735 1802 4783 ornan

189 4803 223 4853 im
234 4804 314 4852 ersten
327 4802 456 4854 oderwolrl
467 4807 529 4855 aucit
541 4808 619 4857 einem
630 4809 734 4869 spetetn
747 4801 910 4855 tslrrlrundert
918 4802 980 4850 noch
995 4802 1041 4851 cli.
1054 4804 1084 4853 G.
1100 4805 1284 4867 zrrgcscluieben
1295 4805 1366 4855 wird.
1383 4824 1395 4849 ο
1841 4854 1847 4863 ,

219 4872 252 4934 (Ἰ
266 4871 324 4922 vtd.
338 4874 442 4924 vincent
457 4876 472 4924 l.
487 4877 514 4939 1.,
527 4878 692 4928 sctrnsnbeclr
708 4877 788 4927 litter
803 4876 852 4926 rten
875 4874 998 4937 Pertpius
1010 4874 1053 4925 det
1067 4871 1276 4938 druttrortsclun
1293 4881 1389 4928 Mecres
1401 4878 1424 4926 in
1442 4876 1614 4927 diuinitus.
1634 4881 1694 4927 teto
1703 4889 1726 4939 p.
1744 4880 1800 4937 35⁰,

189 4942 328 5005 itemtrardy
343 4944 457 4993 Analecta
468 4945 493 4994 ln
505 4959 583 5009 geogr.
594 4961 630 5009 gr.
641 4948 700 4997 min.
711 4960 736 5009 p.
753 4954 780 4997 at
788 4962 797 5008 ς
809 4945 919 4996 Gosselio
937 4946 1026 5007 Gener.
1039 4948 1139 5009 restent.
1152 4952 1211 4999 tom.
1223 4950 1266 5009 ΙΙΙ,
1279 4960 1303 5011 p.
1319 4953 1347 5009 t;
1361 4951 1480 4998 Mannert.
1499 4952 1558 4998 torn.
1578 4951 1599 5007 l,
1614 4960 1637 5010 p.
1652 4952 1712 5009 tot;
1726 4948 1802 4997 Ultert

190 5016 249 5061 tom.
267 5014 288 5072 l,
302 5027 323 5075 p.
336 5017 400 5072 Ιοθς
418 5014 528 5075 Forbiger
537 5019 556 5065 t.
574 5020 595 5074 l,
611 5029 635 5079 p.
649 5020 708 5074 ⁴⁴³3
721 5017 796 5066 liiiter
809 5017 864 5073 llll,
875 5026 900 5075 p.
920 5019 975 5075 ²09,
985 5015 1033 5064 alii.

224 5084 268 5142 i'*)
282 5084 466 5139 Quodammodo
475 5084 522 5133 luto
530 5086 586 5135 iecit
598 5087 670 5136 ettam
683 5087 749 5149 qood
759 5088 845 5137 Noster
856 5083 872 5147 §
883 5090 910 5134 ot
924 5096 950 5146 p.
961 5088 1004 5133 ³01
1012 5084 1071 5137 <licii
1084 5108 1091 5138 ς
1100 5095 1170 5149 νῆσος
1179 5088 1291 5153 λεγομένη
1301 5089 1515 5151 ΙΙαλαισιμούνδου,
1527 5088 1591 5152 παρὰ
1602 5088 1627 5137 δὲ
1637 5090 1684 5144 coir
1694 5086 1801 5152 ἀρχαίοις

192 5154 342 5215 terpeteius,
357 5156 585 5274 Ptoleprnusuero,
600 5160 727 5219 postorum
741 5157 790 5207 duo
806 5158 860 5207 llaec
876 5154 961 5205 insule
974 5157 1070 5209 nomine
1088 5162 1240 5223 memoravit,
1251 5172 1317 5211 nunc
1328 5172 1383 5211 eam
1393 5162 1492 5218 Σαλινην
1506 5160 1585 5209 iocari
1605 5158 1693 5221 prodii.
1706 5156 1801 5207 Monuit

193 5223 239 5271 iroc
252 5224 384 5275 vincentes
393 5226 408 5274 Ι.
434 5262 439 5274 .
457 5228 488 5286 ΙΙ,
501 5239 527 5295 ρ,
543 5227 580 5275 5³.
