3775 5750
615 343 667 402 DE
689 341 846 404 tsinotto
871 340 1115 402 CilhlthliNO.
1558 361 1676 404 cxxxix

66 495 219 576 pertinent.
233 491 269 550 ln
279 491 395 569 mappis
410 491 520 548 nostris
533 489 639 548 metior
646 489 779 549 schoenos
792 489 844 560 503
935 497 1000 564 ¹49·
1014 487 1181 566 Sequuntur
1195 486 1348 545 Hxacmrn
1360 487 1417 545 vici
1430 501 1497 546 rtet
1504 487 1614 548 schoeni
1625 493 1675 562 60,

66 593 136 649 aiios
153 601 221 646 octo
240 588 389 644 effecerint
402 583 537 660 ambages
558 585 684 642 viarum.
706 583 802 642 Urbes
815 584 847 640 in
892 601 968 661 quos
983 583 1052 641 satis
1066 581 1217 640 commode
1230 599 1333 640 eruere
1351 583 1429 653 licet,
1446 583 1470 640 si
1486 584 1676 656 amentibus,

67 690 118 746 hoc
131 698 226 744 tractu
239 695 439 741 memorantur
453 681 557 756 Rhaga
568 682 578 757 (
588 684 657 755 Rei)
674 693 702 738 et
715 679 846 750 Charax,
892 679 1017 755 quisunt
1027 695 1103 754 pone
1113 679 1302 744 Daulatabad,
1318 695 1420 754 pergas
1430 676 1466 734 ad
1474 681 1637 750 Astarabad,
1650 691 1679 738 et

67 802 127 860 qua
139 780 176 838 ad
185 782 307 837 Sirdara
326 789 454 835 montem
463 775 606 853 ponenda,
616 773 671 832 ubi
686 777 763 831 Kata
780 777 851 847 Erig
893 773 1000 832 deinde
1020 773 1162 831 orientem
1183 791 1286 830 versus
1308 773 1393 848 juxta
1417 777 1534 848 Gurgan
1556 775 1678 834 fluvium

69 878 156 935 ruina·
177 894 241 932 non
259 875 347 948 longe
361 871 399 930 ab
414 878 527 929 Aiwani
545 875 601 928 Kei
617 883 733 928 exstant
741 871 790 946 (Ἰ.
807 869 850 926 ile
893 869 1057 946 hiaxcrem.)
1073 885 1165 943 usque
1177 867 1235 924 iere
1244 866 1279 923 ad
1294 869 1441 942 Simalgan
1457 869 1564 942 iocum,
1577 871 1608 928 in
1620 890 1679 944 quo

69 975 153 1031 variis
164 971 512 1046 munimentis,quorum
524 967 632 1026 rudera
646 968 684 1025 ad
693 979 850 1043 utrumque
895 975 987 1020 tractu
1002 962 1144 1019 montium
1163 959 1273 1037 jugum¹
1281 959 1400 1019 boream
1418 980 1521 1021 versus
1535 963 1572 1020 ad
1592 967 1679 1020 Atrei

71 1071 190 1127 saucium
206 1068 380 1146 Caspiarum
395 1067 470 1124 tam,
486 1077 659 1140 supersunt,
669 1063 738 1122 vide
751 1081 850 1120 feoen.
895 1055 1050 1131 (Σσιιάνδαν
1062 1055 1227 1130 Ptolemaei)
1241 1055 1360 1112 flurium
1374 1055 1494 1114 tendens
1504 1057 1678 1133 Hyrcaniam

71 1166 155 1222 tiores
165 1164 298 1222 viatores
310 1160 389 1238 apud
401 1161 541 1218 hitterum
558 1157 609 1235 lli,
626 1159 680 1226 451
698 1177 763 1235 sqq.
896 1150 1055 1211 lsidoream
1066 1153 1102 1207 ab
1113 1155 1256 1208 Astauene
1263 1151 1381 1225 regione
1390 1150 1542 1210 diremisse
1549 1153 1675 1212 videtur.

108 1267 171 1330 117.
189 1259 236 1316 Ex
256 1256 374 1334 Caspiis
387 1257 466 1333 pylis
487 1255 519 1312 in
540 1255 666 1312 Cltowar
679 1253 849 1331 planitiem,
940 1249 1005 1307 150.
1029 1247 1141 1306 Deinde
1160 1265 1211 1324 per
1230 1248 1400 1304 hsrannrnrr
1423 1249 1472 1306 via
1496 1248 1679 1307 schoenorum

71 1358 243 1414 Cacmmrr
265 1352 390 1424 Isidori,
413 1351 626 1410 descendimus.
652 1349 770 1407 Schceni
788 1349 852 1426 ejus
896 1348 1043 1420 sexaginta
1057 1345 1099 1418 ita
1110 1343 1280 1402 adornanda
1293 1355 1354 1414 est,
1370 1357 1402 1404 ut
1417 1344 1447 1401 in
1469 1343 1592 1402 Nisaeam
1609 1345 1680 1403 Par·

71 1450 255 1525 undeviginti
270 1447 442 1527 pertingunt
455 1446 514 1504 iere
527 1443 666 1523 usquead
678 1445 852 1503 hodiernum
898 1439 1016 1516 thyenes
1030 1439 1192 1497 convallem
1216 1449 1308 1497 exeat.
1324 1435 1425 1515 ltaque
1442 1439 1570 1516 primum
1582 1440 1680 1498 orien-

70 1549 255 1604 Sourehkala.
271 1545 400 1623 Apamea
408 1543 568 1623 oppidum,
588 1541 700 1619 apyiis
716 1553 854 1618 quattuor
898 1547 954 1593 tem
968 1553 1070 1594 versus
1084 1553 1136 1612 per
1151 1533 1221 1592 hod.
1238 1537 1389 1608 Simalgaa
1407 1547 1435 1594 et
1449 1537 1600 1607 Burdjnurd
1624 1549 1682 1594 ten·

72 1642 201 1699 schoenos
224 1640 352 1712 distans,
376 1638 512 1717 ponenda
540 1636 578 1695 ad
598 1637 685 1695 chad
713 1635 851 1706 ficarium,
897 1629 956 1703 dit,
974 1630 1044 1688 hinc
1054 1630 1140 1708 juxta
1156 1631 1365 1688 Gernteclraueh
1386 1630 1508 1688 iluvium
1529 1631 1679 1689 meridiem

72 1735 118 1794 ubi
132 1755 212 1794 nunc
224 1739 336 1792 Ararim
346 1734 391 1792 rel
406 1733 503 1790 Haila
519 1750 633 1809 mappae
645 1730 784 1789 exhibent
795 1729 851 1808 (⁶').
897 1745 1008 1795 versus,
1021 1744 1114 1802 usque
1122 1724 1191 1783 dum
1199 1727 1274 1782 inter
1285 1727 1386 1800 Djegr'r
1394 1727 1590 1800 etDJegiratai
1599 1745 1682 1784 mon-

72 1830 179 1888 lleinde
191 1842 334 1908 quattuor
347 1828 479 1887 isidorus
493 1828 575 1886 vicos
594 1838 762 1898 notaveram
776 1845 855 1883 nunc
898 1833 941 1880 tes
965 1821 995 1878 in
1017 1820 1119 1880 Nisaeae
1133 1819 1237 1877 αὐλῶνα
1256 1818 1379 1878 desinat.
1394 1819 1506 1878 Nomen
1524 1821 1683 1880 Astauenes

73 1926 101 1982 in
114 1926 226 1984 harvia
240 1936 399 1983 occurrunt
409 1926 485 1982 Padi
497 1935 527 1980 et
537 1922 711 1980 Dehinemel
721 1933 751 1980 et
757 1923 855 1978 Abda·
900 1919 1000 1977 nescio
1010 1937 1046 1976 an
1055 1916 1183 1994 supersit
1196 1917 1228 1976 in
1237 1919 1323 1974 Attal
1331 1916 1420 1995 jugo,
1434 1917 1513 1994 quod
1528 1919 1559 1977 in
1571 1917 1682 1978 boreali

72 2026 156 2078 ladad
165 2035 196 2080 et
210 2024 350 2095 Mathird
357 2063 365 2092 ,
375 2016 468 2098 prope
481 2038 568 2098 quem
582 2019 680 2076 vicum
694 2019 786 2094 vulgo
800 2037 855 2096 po·
899 2013 1030 2088 regionis
1050 2025 1131 2090 parte
1146 2011 1183 2070 ab
1198 2030 1302 2070 occasu
1323 2031 1426 2071 versus
1439 2011 1579 2072 orientem
1596 2014 1683 2090 longe

72 2130 140 2173 nunt
151 2118 282 2174 confinia
295 2117 448 2191 regionum
458 2116 530 2172 Iralr
546 2127 577 2172 et
587 2115 748 2170 Chorasan.
824 2173 828 2180 ,
898 2109 1040 2166 excurrit.
1055 2107 1229 2166 accredere
1255 2107 1351 2186 possis
1362 2106 1447 2182 juxta
1464 2107 1542 2166 hunc
1554 2121 1682 2167 montem

109 2213 174 2277 118.
194 2211 268 2280 Quae
290 2211 426 2289 deinceps
440 2209 586 2268 montium
609 2205 759 2268 radicibus
773 2207 855 2282 regio
899 2222 992 2282 usque
1020 2206 1056 2262 ad
1093 2223 1171 2262 mare
1198 2203 1333 2280 Caspium
1363 2204 1575 2262 Astauenorum
1601 2205 1683 2264 sedes

73 2305 273 2384 praetenditur,
288 2326 368 2365 nunc
387 2309 517 2374 Knemis,
537 2303 615 2382 apud
635 2315 749 2360 veteres
762 2300 857 2360 Corn-
899 2299 1087 2377 pertinuisse.
1113 2298 1185 2358 Nam
1211 2297 1447 2357 Ptolemaeuslil.
1475 2319 1493 2376 9
1514 2318 1543 2376 p.
1566 2301 1622 2365 tro
1644 2301 1684 2358 ita

71 2422 137 2460 sm
149 2415 281 2460 rooetur.
296 2401 365 2458 Earn
377 2399 564 2459 scboenorum
574 2417 637 2456 esse
652 2399 691 2456 58
700 2399 733 2454 in
749 2396 854 2454 Excer-
899 2396 1005 2455 scribit
1018 2417 1025 2452 t
1042 2393 1243 2472 {inscripserat
1257 2393 1285 2452 bi
1298 2398 1344 2464 τῆς
1358 2392 1500 2473 Ὑρκανίας
1521 2393 1555 2452 rh
1574 2392 1622 2472 μὲν
1640 2395 1684 2454 inl

72 2501 125 2576 ptis
142 2499 379 2573 nostrisiegitur.
396 2499 434 2555 ht
444 2495 662 2572 riaelongitudo
669 2493 755 2571 juxta
765 2515 854 2552 mon·
901 2489 1022 2569 θαλάσσῃ
1043 2489 1170 2570 Μαξῆραι
1190 2489 1250 2570 (ad
1279 2489 1441 2561 Maxerem,
1464 2489 1532 2550 hod.
1568 2493 1683 2568 Gurgan

71 2607 165 2652 tanum
191 2606 336 2665 tractum,
358 2605 511 2670 antequam
537 2590 692 2668 llyrcaniae
705 2589 778 2666 juga
793 2591 854 2647 via·
898 2587 968 2647 flur.
982 2587 991 2664 )
1005 2584 1051 2644 xci
1065 2584 1231 2655 Ἀσταυηνοί·
1246 2583 1295 2642 ὑπὸ
1307 2583 1335 2642 δὲ
1348 2583 1406 2650 τοὺς
1420 2583 1619 2657 haruspicini
1634 2589 1683 2647 Σι·

72 2703 113 2745 tor
125 2689 341 2764 ingrederetur,
352 2688 498 2766 pertinere
519 2685 621 2744 debuit
634 2703 728 2761 usque
745 2684 805 2744 iere
818 2684 854 2742 ad
900 2679 1013 2760 ριικηνή.
1029 2679 1110 2739 idem
1125 2699 1197 2738 vero
1222 2679 1273 2756 vt,
1293 2701 1326 2751 17
1341 2699 1370 2758 p.
1392 2682 1467 2748 tia:
1489 2678 1640 2759 Κατίχσυσι
1657 2681 1685 2742 ii

72 2785 138 2845 hod.
152 2788 360 2856 Daulatabad,
386 2784 458 2842 adeo
477 2796 510 2841 ut
524 2781 754 2858 hecatompylon
765 2779 854 2850 urbs,
898 2781 945 2847 τῆς
957 2775 1058 2856 Ἀρείας
1071 2776 1104 2834 τὰ
1119 2775 1165 2854 μὲν
1179 2774 1290 2856 ἀρκτικὰ
1300 2774 1367 2854 μέρη
1376 2778 1483 2836 Νισαῖοι
1494 2775 1540 2834 καὶ
1554 2775 1684 2849 ’Amada-

71 2901 154 2957 quam
168 2900 233 2939 esse
251 2880 423 2939 hodiernam
443 2879 618 2952 Damagharr
641 2876 763 2954 plurimi
778 2896 856 2935 nunc
899 2873 947 2933 roi.
960 2872 1086 2933 hthaud
1098 2875 1196 2950 magni
1212 2875 1273 2933 haec
1285 2873 1372 2949 iacio,
1387 2873 1466 2953 quod
1478 2876 1599 2934 omnino
1615 2896 1685 2935 coa·

72 2990 146 3034 recte
155 2989 284 3035 statuere
295 2975 432 3046 videntur
446 2972 657 3052 (mpudextra
671 2973 856 3048 relinquere·
903 2971 967 3029 susa
982 2971 1021 3029 sit
1048 2982 1076 3029 et
1094 2990 1131 3029 ex
1157 2970 1284 3029 diversis
1305 2970 1435 3031 lontibus
1461 2972 1536 3029 male
1561 2972 1686 3030 conilata

10 3093 11 3144 j
73 3082 125 3132 tur.
137 3070 243 3148 ltaque
253 3072 303 3128 via
315 3083 377 3129 erat
390 3070 422 3128 in
432 3070 584 3127 Comisene
593 3068 780 3127 schoenotum
794 3067 854 3125 iere
900 3066 1005 3124 harum
1031 3066 1183 3142 regionum
1200 3065 1277 3144 apud
1301 3066 1487 3125 Ptolemaeum
1507 3066 1683 3145 descripti03

72 3166 190 3241 viginti,
205 3184 405 3241 numerusque
414 3163 549 3223 codicum
560 3162 610 3235 νη’,
620 3163 646 3221 01
657 3162 693 3221 ad
706 3161 855 3222 itinerarii
900 3174 962 3220 tum
974 3180 1044 3220 vero
1058 3160 1255 3239 suspicionem
1272 3174 1370 3219 movet
1380 3161 1460 3238 quod
1474 3162 1550 3221 inira
1564 3164 1684 3221 Astaue-

72 3263 197 3318 rationes
215 3258 479 3317 accommodandus
492 3271 547 3329 est,
570 3270 727 3335 corruptus
737 3275 800 3315 esse
811 3257 855 3313 ri·
901 3274 956 3314 nos
970 3255 1130 3313 collocatur
1138 3254 1285 3314 Siracene.
1298 3254 1369 3313 Nam
1378 3256 1625 3314 verisimillimum
1640 3269 1684 3313 cst

72 3358 152 3412 detur
168 3374 205 3412 ex
223 3353 267 3424 κη’
283 3354 348 3425 rel,
363 3352 444 3430 quod
461 3353 572 3425 malim,
588 3372 626 3411 ex
642 3350 689 3423 ιη’.
706 3351 856 3429 Suspicari
900 3350 976 3409 hanc
1003 3350 1150 3427 pertinere
1168 3347 1204 3407 ad
1227 3346 1317 3428 Σιρὼνι
1337 3348 1440 3407 urbem
1458 3352 1488 3407 in
1507 3348 1686 3427 Parthyenes

71 3450 153 3510 etiam
173 3450 271 3529 possis
281 3448 427 3510 isidorum
440 3460 545 3529 prater
560 3448 762 3520 itinerarium,
775 3446 855 3524 quod
901 3456 982 3523 parte
1003 3444 1139 3503 orientali
1161 3443 1199 3502 ab
1225 3441 1341 3503 Isidoro
1362 3455 1572 3515 memoratam
1598 3462 1684 3520 quarn

72 3546 100 3604 in
120 3548 267 3625 excerptis
286 3545 444 3621 habemus,
462 3544 608 3603 indicasse
626 3544 749 3603 aiterum
763 3540 856 3599 multo
900 3540 1019 3618 quidem
1045 3541 1122 3599 inira
1152 3544 1314 3599 Astauums
1337 3538 1443 3599 lsidori
1468 3550 1548 3597 tanto
1572 3539 1686 3601 facilius

71 3638 352 3717 breviusiter,quod
360 3640 397 3699 ab
409 3640 495 3699 initio
501 3638 855 3697 Comisenesrectaorien·
901 3649 1003 3696 auctor
1014 3636 1133 3715 quidam
1145 3636 1288 3695 collocare
1298 3634 1403 3712 potuit,
1417 3634 1442 3693 si
1450 3654 1516 3693 cum
1530 3632 1686 3695 Ptolemaeo

72 3746 124 3791 tem
136 3755 241 3794 versus
253 3737 286 3794 in
304 3734 488 3812 Parthyenen
504 3734 650 3807 tenderet,
663 3733 737 3793 adeo
748 3746 782 3792 ut
796 3747 857 3792 tota
902 3733 1001 3791 nullos
1012 3735 1088 3790 inter
1104 3734 1267 3790 Astauenen
1283 3743 1311 3787 et
1324 3728 1492 3805 Margianen
1508 3728 1620 3787 medios
1634 3751 1686 3808 po·

71 3828 237 3889 Comisenes
262 3829 417 3905 longitudo
444 3829 627 3908 peragranda
657 3841 747 3900 esset,
770 3842 857 3906 atque
900 3822 1687 3904 suithpauarcticenos.ltaquePtoiemaeumetAstaue·

73 3921 124 3981 huc
140 3925 173 3982 in
194 3926 311 4000 integro
330 3924 438 3982 Isidori
457 3942 547 4002 opere
567 3924 744 4002 pertinuisse
765 3924 858 3983 schoe·
901 3940 959 3979 nen
976 3934 1004 3979 et
1017 3921 1172 3979 Siracenen
1191 3920 1263 3979 salso
1277 3919 1313 3977 ad
1332 3920 1470 3997 Caspium
1490 3938 1570 3977 mare
1590 3920 1687 3979 colio-

72 4037 121 4076 nos
143 4019 217 4079 istos
238 4020 295 4092 58,
310 4019 392 4079 vicos
417 4032 512 4077 autem
535 4032 601 4077 octo
625 4019 794 4077 Comisenes
819 4018 856 4077 ad
901 4034 968 4074 care
978 4017 1150 4095 putoQuod
1160 4015 1236 4074 idem
1246 4020 1407 4074 Astauenos
1415 4015 1445 4072 in
1453 4015 1524 4073 Aria
1534 4028 1686 4087 memorat,

73 4128 199 4173 nostram
208 4118 287 4173 riam
297 4130 444 4194 spectare,
453 4116 643 4193 siquidemex
653 4116 743 4173 altera
752 4116 804 4173 iila
812 4136 857 4173 ra·
901 4133 938 4171 ex
951 4113 1010 4171 alio
1026 4120 1144 4173 auctore
1157 4112 1255 4189 fluxit,
1266 4111 1319 4188 qui
1333 4113 1497 4169 Astauenen
1508 4122 1536 4168 et
1547 4098 1688 4187 Parthye-

74 4208 147 4267 tione
158 4211 247 4268 etiam
262 4210 495 4288 Hecatompylon
505 4209 855 4286 Comisenesiorett**”),
902 4228 954 4269 nes
973 4223 1083 4287 partem
1108 4209 1277 4267 orientalem
1301 4208 1310 4284 i
1321 4220 1354 4265 ut
1365 4207 1461 4283 Nysaei
1480 4207 1511 4264 in
1532 4206 1687 4263 Artacoi-

76 4320 123 4360 nec
146 4304 246 4362 dicere
267 4306 400 4364 isidorus
420 4306 564 4385 potuisset
589 4304 690 4363 urbem
711 4324 771 4363 non
791 4306 855 4363 lieri
904 4305 991 4363 iocati
1003 4304 1108 4362 docent
1121 4304 1130 4382 l
1144 4304 1260 4362 Arianae
1269 4301 1413 4362 attribuit.
1428 4299 1464 4357 Et
1478 4300 1532 4358 hoc
1547 4302 1643 4377 ipsum
1655 4301 1687 4358 in

75 4395 198 4455 obviam.
213 4399 251 4456 tr
266 4400 323 4458 hoc
334 4418 439 4458 vereor
451 4420 489 4459 ne
504 4401 543 4459 sit
552 4400 669 4476 longius
683 4401 814 4477 petitum.
903 4419 990 4459 causa
1002 4400 1104 4472 suerit,
1120 4412 1153 4459 ut
1163 4400 1348 4476 Ptolemaeus,
1361 4416 1451 4474 quum
1465 4396 1542 4473 apud
1560 4396 1634 4454 alios
1655 4397 1687 4455 in

107 4523 139 4583 (*)
157 4524 215 4584 erg.
230 4529 272 4572 251
283 4522 298 4585 §
309 4528 322 4573 7
337 4524 412 4573 rerba
423 4524 471 4574 ἀπὸ
486 4523 588 4588 σχοίνων
598 4529 616 4581 t'
625 4522 746 4585 ’11γο001
756 4522 836 4586 Χάραξ
848 4535 973 4587 perperam
987 4521 1085 4583 habeut,
1099 4527 1152 4571 tum
1165 4520 1229 4584 quod
1241 4521 1335 4571 chorax
1351 4532 1398 4567 uon
1410 4517 1434 4565 in
1447 4516 1531 4565 eodem
1543 4530 1591 4579 quo
1604 4518 1687 4579 iliraga

75 4606 113 4642 reu
125 4595 217 4655 Rhaga
233 4595 286 4644 ioco
296 4599 361 4655 erat,
372 4597 427 4644 tum
440 4595 504 4657 quod
521 4596 604 4657 Rhaga
615 4606 664 4643 non
682 4594 761 4655 potuit
777 4595 823 4643 sita
834 4608 886 4644 esse
900 4599 993 4655 septem
1012 4592 1116 4642 schoenis
1128 4598 1182 4655 post
1199 4590 1284 4641 Mediae
1299 4588 1426 4651 Rhagiane
1439 4586 1544 4635 initium.
1557 4591 1606 4637 Aut
1615 4588 1688 4651 igitur

75 4668 91 4720 ζ’
99 4678 214 4714 numerus
229 4669 359 4727 cormptns
366 4670 412 4725 est,
429 4668 472 4715 aut
481 4663 657 4728 computandus
670 4666 708 4714 est
720 4663 752 4713 ab
761 4665 861 4726 oppido,
873 4665 943 4725 cnjus
953 4664 1043 4713 mentio
1054 4662 1143 4713 omissa
1155 4668 1199 4712 est.

103 4735 148 4795 t”)
162 4738 218 4797 Peg
233 4734 302 4798 tst§
317 4735 403 4786 sadda
414 4736 495 4785 locum
508 4735 632 4793 1111011111,
647 4738 672 4784 11
687 4734 751 4797 §ia
764 4735 806 4784 ubi
816 4736 879 4785 inter
887 4733 973 4786 1101110
986 4733 1075 4798 oppida
1091 4736 1238 4783 memoratur
1254 4734 1368 4793 Apamea
1383 4726 1532 4789 stortura.
1545 4726 1685 4802 Ghoprenen

77 4805 128 4853 otim
137 4805 224 4855 nodia
236 4808 246 4867 (
256 4806 384 4867 unapars
392 4806 448 4866 sc.)
463 4805 539 4856 inisse
553 4807 657 4856 iesiatm
670 4804 758 4855 strabo
770 4818 795 4867 p.
808 4810 862 4855 511.

105 4876 161 4937 (⁹⁴⁸)
173 4876 365 4938 Hecatompylon
378 4875 495 4937 acrspiis
507 4875 662 4939 portisdistat
677 4887 724 4924 sec.
739 4876 923 4925 Eratosthenem
934 4886 974 4937 ap.
988 4871 1066 4924 strab.
1080 4886 1106 4935 p.
1123 4870 1310 4924 attendisse
1325 4868 1364 4931 (01
1380 4869 1440 4919 bene
1460 4874 1574 4917 numerus
1588 4866 1686 4928 habet).

78 4949 178 4998 Seioroe
189 4960 248 4998 vero
261 4948 391 5010 scriptores
400 4948 535 4997 secuntias
543 4947 574 4997 de
587 4947 625 4997 his
635 4946 771 5008 regionibus
781 4946 860 4997 edocti
872 4946 949 4996 multo
964 4942 1081 4992 minorem
1101 4942 1237 4993 distantiam
1253 4940 1373 5003 produnt;
1383 4950 1437 4988 nam
1448 4937 1608 5000 Apollodorus
1618 4940 1686 4985 trte·

77 5018 176 5068 mitenus
189 5031 229 5081 ap.
239 5018 319 5069 strat.
330 5019 347 5068 l.
361 5018 379 5068 Ι.
397 5030 441 5081 pro
457 5022 517 5069 1900
527 5018 599 5068 alieri
609 5022 641 5067 st.
663 5023 737 5075 tatto,
748 5030 805 5078 quae
818 5015 849 5065 td
860 5012 1018 5076 Demophon
1036 5012 1173 5075 pertinent;
1186 5011 1277 5062 Plinius
1287 5012 1329 5071 Vl,
1345 5012 1371 5059 11
1384 5008 1440 5071 §ts
1452 5006 1546 5057 ncnmsi
1564 5008 1607 5055 130
1623 5006 1682 5055 miii.

10 5114 11 5118 ι
77 5088 143 5145 (tusi
160 5090 203 5149 st.)
213 5090 353 5151 compntat3
366 5089 398 5137 ul
413 5088 516 5139 Plinium
527 5089 634 5151 proxirue
643 5087 735 5138 00001111
747 5087 902 5137 Ptolemaeis.

105 5159 180 5220 (Μ’)
189 5158 315 5210 Sicttoses
321 5160 481 5210 cimrenensis
491 5160 552 5210 ttist.
562 5164 627 5210 Arm.
636 5161 668 5217 11,
678 5164 692 5207 t
702 5165 732 5207 ss
743 5158 933 5220 Hecatompylon
940 5152 1014 5205 situm
1024 5151 1081 5203 dicii
1089 5153 1111 5203 iu
1120 5152 1216 5216 regione
1225 5154 1376 5208 caseorum,
1389 5148 1455 5214 quod
1468 5147 1498 5198 de
1510 5148 1638 5199 0011110110
1649 5147 1687 5197 in·

78 5227 232 5293 elligendum
246 5242 300 5280 esse
310 5229 465 5293 probmiliter
476 5230 561 5280 0101011
567 5228 729 5281 &auctusne
745 5229 761 5277 Ι.
775 5228 791 5278 t.
806 5240 829 5291 p.
842 5232 881 5278 00,
