3775 5750
191 322 247 373 ιιι
923 312 1086 373 anniam
1753 318 1804 395 (ιη

191 442 355 514 πεντήκοντα
372 440 417 499 καί
430 438 531 499 ίκατόν·
551 440 595 498 καί
611 440 690 497 πλοῖα
703 438 785 519 μικρά
800 439 932 519 ὁρμίζοιτο
943 440 975 499 δν
1019 450 1222 520 quinquaginta;
1243 450 1278 503 ihi
1292 452 1392 521 navigia
1407 455 1499 521 exigua
1517 452 1658 507 commode
1682 436 1807 525 appellere

192 530 301 609 πρὸςτῇ
314 530 398 607 πίτρφ
417 532 449 606 τῇ
468 527 597 605 ἀνεχούσῃ
619 529 648 583 orl
662 525 752 605 πόρρω
766 527 819 585 άπὸ
833 534 878 586 τοῦ
892 550 974 585 ποτα·
1019 538 1120 607 possint
1132 536 1165 588 ad
1179 547 1277 607 petram
1292 554 1351 606 qun
1368 536 1439 590 haud
1459 539 1551 609 procul
1574 540 1723 593 alluminis
1744 544 1807 593 οειίο

193 623 244 692 μοῦ
258 621 309 677 τῶν
322 616 448 675 ίαὸολῶν.
492 614 611 675 Ἐνθένδε
625 616 660 681 είς
676 614 789 685 Κάλπης
803 614 897 690 λιμένα
910 616 974 673 δέκα
1019 624 1124 675 eminet.
1164 620 1273 675 Indead
1289 634 1396 693 portum
1410 624 1502 695 Calpes
1515 637 1576 680 sunt
1595 626 1712 679 ducenta
1730 628 1808 679 etde-

193 706 238 765 καί
249 704 377 765 διακόσιοι
391 704 503 765 στάδιοι.
544 701 617 762 ‘Oli
633 703 743 773 Κάλπης
755 702 835 777 λιμὴν
849 704 937 763 ὁποῖόν
950 726 975 761 τι
1020 728 1077 762 oem
1101 710 1192 763 stadia.
1230 710 1323 778 Qualis
1340 722 1427 764 nutem
1448 712 1573 767 incussit
1594 724 1688 785 portus
1702 714 1808 785 Calpes,

167 813 180 851 ο
193 792 290 873 χωρίον
304 792 376 866 ίατί,
389 792 435 850 καί
451 791 539 857 όποῖος
552 788 642 870 ὅρμος,
653 790 700 848 nol
712 790 752 849 δτι
773 791 846 869 πηγὴ
859 794 885 849 hl
902 793 975 873 αὐτῷ
1020 796 1156 867 qualisque
1167 797 1258 861 statio,
1271 808 1297 849 et
1309 796 1345 850 ibi
1361 798 1459 851 sontem
1473 817 1527 853 esse
1540 799 1640 869 frigida
1650 805 1683 853 'ac
1697 800 1810 870 limpida

192 886 293 961 ψυχροῦ
305 880 352 939 ιιαί
361 884 477 959 καθαροῦ
491 877 596 950 ὕδατος,
610 878 655 935 καί
669 876 708 935 ότι
721 870 782 937 ito
796 880 861 958 πρὸς
875 884 907 955 τῇ
924 887 974 939 θοι-
1020 901 1095 954 aquae
1111 896 1138 937 et
1151 884 1226 937 siivas
1246 887 1312 938 mari
1329 888 1427 940 vicinas
1439 888 1570 958 lignorum
1583 888 1617 943 ad
1634 906 1716 943 naras
1731 890 1810 941 confi·

192 968 275 1048 λάιτη
286 966 369 1036 ξόλων
382 965 591 1045 ναυπηγησίμων
599 965 664 1041 ,nal
674 958 753 1024 αθται
763 965 878 1046 ίνθηραι,
892 972 975 1025 ταῦτα
1020 969 1136 1035 ciendos,
1147 972 1254 1041 illasque
1262 970 1322 1025 ieris
1331 972 1476 1039 abundare,
1485 973 1540 1028 haee
1547 975 1701 1047 Xenophon
1711 976 1809 1044 (Anah

192 1058 341 1136 Ξενοφῶντι
354 1057 393 1133 τῷ
403 1052 573 1133 πρισόυτίριρ
584 1052 715 1113 λελεκται.
1023 1062 1049 1123 6,
1066 1062 1092 1121 4,
1109 1075 1119 1111 ι
1131 1076 1187 1130 sqq.
1203 1059 1211 1129 )
1227 1060 1315 1111 senior
1327 1062 1451 1115 nar-ravit.

232 1163 268 1204 ιε.
290 1141 355 1203 ’nul
368 1141 482 1213 Κάλπης
495 1141 599 1217 λιμένος
615 1143 652 1207 τίς
668 1139 747 1213 Ῥόην
769 1141 870 1201 στάδιοι
885 1140 976 1200 είιιοοι·
1061 1148 1103 1197 ιδ.
1124 1149 1146 1198 Α
1167 1145 1258 1216 Calpes
1276 1156 1356 1216 portu
1376 1146 1409 1199 nd
1432 1148 1541 1213 liboen,
1563 1150 1707 1203 stationem
1726 1154 1811 1221 part-is

153 1250 179 1291 to
193 1228 272 1311 όρμος
292 1230 369 1289 ναυσί
390 1236 507 1309 μικραῖς.
551 1226 615 1288 Ἀπὸ
635 1227 714 1300 Ῥόης
742 1231 779 1295 είς
799 1229 976 1289 Ἀπολλωνίαν
1021 1240 1108 1301 aptam
1123 1232 1321 1301 navigiis,sunt
1331 1234 1421 1302 viginti
1433 1232 1525 1287 stadia.
1563 1242 1587 1289 A
1601 1236 1810 1308 RboeadApol

192 1402 333 1474 Ψίλλιςαμ.
346 1402 469 1456 strabon.
480 1403 542 1467 ΧΠ,
552 1418 580 1471 p.
595 1401 660 1465 543,
673 1399 840 1453 PsillisPiin.
850 1403 899 1465 VI,
913 1418 937 1465 t,
950 1418 973 1466 ες
1024 1402 1079 1463 τοίις
1097 1400 1122 1455 bi
1144 1402 1286 1473 [πολίτας]
1310 1402 1483 1472 Καρπητανοθς
1501 1404 1534 1466 ὡς
1554 1404 1726 1468 Καλπειανοός
1746 1428 1811 1477 φατι.

193 1482 321 1543 Ψόλλιδος
331 1484 444 1553 ποταμοῦ
454 1478 652 1550 ἔαδολαί(570,
668 1478 710 1532 15'
720 1478 906 1550 long.)codd.
918 1482 978 1533 Pto·
1022 1480 1096 1533 Idem
1117 1498 1123 1534 ι
1150 1482 1310 1551 Καρπηία.
1328 1480 1430 1551 Εἴρηται
1442 1482 1467 1535 ἐν
1489 1488 1525 1555 τῷ
1544 1484 1661 1551 Κάλπη
1677 1489 1689 1554 (
1705 1487 1812 1553 Κόπηαι

191 1561 284 1626 Ιοιιιετίς
298 1562 411 1615 Ψίλλιον
423 1560 548 1614 Marciani
563 1561 704 1630 Menippus
714 1569 741 1611 et
755 1560 883 1613 Arrianus
893 1560 921 1611 in
934 1561 978 1613 Bi·
1023 1558 1106 1627 Κάπης
1121 1560 1200 1614 codd.
1216 1562 1240 1633 ),
1262 1562 1300 1613 δτι
1318 1562 1380 1623 τινίς
1404 1562 1525 1633 Κάρπειαν
1541 1562 1587 1629 τὴν
1600 1566 1676 1617 πόλιν
1692 1569 1754 1635 φασί
1774 1570 1812 1619 καὶ

192 1641 321 1711 thyniacis
331 1659 375 1712 ap.
399 1639 521 1693 Eustath.
537 1640 564 1691 in
579 1639 659 1691 Dion.
671 1638 722 1707 793
744 1654 750 1689 :
775 1635 922 1704 ‘Pandatariae
932 1637 978 1703 τὴν
1023 1638 1196 1710 Καρπητανοθς
1209 1640 1238 1693 τό
1261 1640 1366 1695 ίθνιαόν.
1382 1641 1458 1695 Adde
1471 1658 1530 1712 qun
1549 1643 1635 1696 attulit
1651 1646 1774 1699 Billienus
1786 1650 1811 1699 in

191 1719 251 1789 πρός
265 1720 369 1791 Ψιλλίιρ
387 1723 502 1789 ποταμῷ.
518 1717 592 1772 Alius
613 1716 731 1787 ejusdem
750 1718 866 1771 nominis
883 1718 979 1771 iluviua
1022 1720 1149 1773 Marcion.
1165 1739 1191 1791 p.
1217 1721 1265 1774 183
1284 1738 1300 1773 e
1319 1722 1374 1773 vn.
1392 1722 1419 1773 S.
1439 1722 1594 1791 Agatironiei
1608 1742 1661 1776 c.r
1685 1742 1692 1777 :
1713 1726 1757 1777 sai
1775 1728 1812 1778 διὰ

193 1798 262 1851 inter
272 1798 390 1853 Rillaeum
409 1809 437 1852 ct
449 1798 619 1853 Parthenium
638 1797 741 1851 medius
754 1798 879 1861 occurrit,
898 1814 978 1867 quem
1022 1796 1148 1871 τοὶιςίντῇ
1160 1798 1601 1869 όδῷχαλεπολις(ί)ίμόθιςείςπλοῖον
1613 1802 1737 1855 αατελαόε
1748 1804 1812 1855 Βιθυ-

193 1878 321 1931 Arrianus
333 1876 443 1951 quidem
456 1895 511 1931 non
528 1887 668 1940 memorat,
681 1881 909 1949 Anonymusvero
927 1876 978 1929 Ψί-
1023 1876 1076 1929 νίαν
1090 1876 1123 1940 τίς
1145 1878 1262 1950 ίμπόριον
1278 1878 1415 1949 λεγόμενον
1432 1878 1523 1949 Κάρπιν
1540 1882 1551 1948 (
1566 1880 1688 1951 Κάμπην.)
1707 1882 1776 1935 raitl.
1788 1888 1811 1955 );

191 1954 259 2022 λιδα,
278 1958 405 2011 Marcimi
420 1956 505 2011 codex
516 1956 596 2009 semel
606 1955 711 2019 Ψίλιον,
726 1954 805 2011 semei
821 1955 917 2008 Ψίλιδα
933 1974 979 2009 νο-
1021 1960 1149 2029 Synaxar.
1176 1962 1243 2027 hug.
1265 1973 1301 2009 aa
1321 1973 1327 2009 :
1351 1956 1450 2027 Κάρπην
1472 1957 1588 2029 ἐμπόριον
1606 1957 1631 2011 ίν
1653 1964 1685 2031 τῇ
1705 1960 1813 2028 ίίοντοιῐΙ

190 2046 244 2089 nst.
257 2038 405 2108 Stephanus
417 2036 557 2108 Byzantius
571 2036 640 2089 inter
653 2034 733 2087 Ψθιιν
747 2045 774 2087 et
792 2034 897 2100 Ψίλιον,
920 2046 978 2089 tan·
1022 2040 1102 2107 χιίιρφ.
1114 2038 1215 2089 Nomen
1230 2034 1280 2088 hoc
1289 2036 1433 2089 etiamnum
1447 2048 1565 2109 superest
1576 2040 1603 2091 in
1618 2042 1704 2111 Xer-pe
1719 2022 1811 2095 limari.

191 2131 271 2184 quam
284 2112 683 2184 hvmssurios,distinguit:
697 2113 801 2178 Ψίλιον,
816 2114 979 2186 ποταμδςμε·
1023 2117 1186 2169 Distantiaa
1209 2114 1269 2168 Psili
1289 2114 1371 2167 fluvio
1394 2133 1436 2186 ap.
1457 2116 1622 2169 Marcianum
1637 2117 1757 2181 excidit,
1787 2123 1812 2173 in

192 2192 251 2255 ταῦτ
259 2193 395 2256 θυνίαςιιαλ
403 2194 523 2256 Βιθυνίας.
534 2193 648 2264 Δομίτιος
657 2191 839 2263 Καλλίστρατος
848 2194 874 2247 ίν
883 2194 909 2265 γ’
918 2194 979 2267 Περὶ
1023 2197 1155 2266 Anonymi
1167 2194 1257 2247 codice
1268 2204 1306 2246 est
1316 2194 1461 2247 stadiorum
1474 2210 1527 2247 οπο
1539 2206 1567 2248 et
1579 2196 1634 2249 mil.
1655 2198 1703 2261 αθ,
1717 2198 1766 2249 sed
1776 2218 1813 2251 re-

195 2268 362 2342 Ἧραιιλιίας..
377 2274 449 2328 Ἔστι
459 2274 502 2327 καί
518 2273 596 2336 άλλος
607 2273 703 2335 Ψίλις
713 2273 824 2344 ποταμός
842 2272 931 2345 ίαρίων
945 2270 980 2335 είς
1010 2272 1143 2345 ‘ponenda
1159 2292 1192 2327 aa
1210 2275 1324 2338 Arriano
1342 2272 1424 2326 stadia
1438 2289 1490 2327 aro
1511 2276 1565 2326 sive
1587 2275 1659 2327 milia
1679 2278 1733 2339 ab,
1752 2282 1814 2348 quia

192 2350 236 2404 τόν
253 2352 366 2414 Εὔξεινον
380 2353 533 2407 Πόντον.’ί’δ
546 2352 648 2407 τοπυιδν
662 2352 783 2419 Ψιλίτης
800 2352 907 2425 ἔνδίτῇ
921 2373 977 2406 ουν-
1022 2354 1059 2404 sic
1082 2351 1190 2406 demum
1210 2352 1293 2405 stadia
1320 2352 1396 2417 1550,
1415 2370 1474 2423 quse
1496 2370 1580 2425 usque
1600 2353 1635 2407 ad
1658 2354 1812 2410 Heracleam

191 2431 262 2501 ηθείφ
283 2432 444 2504 ἐπεκράτησεν
463 2432 606 2504 άμφοτίρων
629 2436 679 2485 τῶν
694 2436 813 2503 ποταμῶν
829 2433 887 2493 roba
907 2432 977 2499 οίκη·
1022 2434 1179 2502 Anonymus
1196 2449 1252 2485 esse
1268 2430 1351 2494 dicit,
1372 2440 1512 2485 eruuntur.
1528 2430 1633 2485 Excidit
1653 2434 1767 2504 quiderm
1788 2439 1813 2489 in

191 2510 413 2579 τοραςΨιλιανοδς
425 2512 522 2564 καλεῖν.
539 2509 621 2581 Quod
641 2529 684 2582 ap.
696 2512 794 2580 (ἔπορε.
811 2513 928 2565 liorem.
944 2512 979 2567 de
1022 2516 1164 2581 Anonymo
1181 2510 1304 2563 distantia
1322 2510 1356 2563 ah
1378 2510 1449 2563 alno
1464 2510 1498 2563 ad
1513 2511 1643 2577 Caietam,
1661 2512 1712 2565 sod
1729 2532 1812 2585 qaum

191 2599 284 2642 nostro
302 2590 384 2644 durio
394 2591 489 2661 legitur
502 2591 602 2643 Filium
616 2600 643 2643 et
660 2592 687 2643 in
698 2590 765 2643 Tab.
778 2591 898 2658 Peuting.
914 2592 979 2644 Ρίιί-
1022 2590 1056 2643 de
1071 2589 1119 2644 hac
1130 2590 1294 2643 consentiant
1308 2590 1435 2643 Arrianus
1451 2600 1478 2643 et
1488 2592 1629 2661 Menippus
1640 2608 1684 2663 ap.
1701 2594 1812 2647 Marcia·

192 2667 263 2731 lum,
284 2669 455 2740 probabiliter
470 2681 624 2740 mrruptum
641 2680 681 2721 eat
698 2668 829 2733 εΨίλιον,
847 2671 896 2721 nisi
909 2672 978 2724 tueri
1022 2688 1097 2733 num,
1107 2688 1138 2721 ex
1151 2668 1248 2740 quihus
1259 2666 1356 2739 pendet
1365 2670 1536 2740 Anonpunus:
1549 2670 1604 2723 baec
1616 2670 1672 2742 ipsa
1685 2673 1812 2728 Aminnea

193 2746 311 2800 Philinm
325 2749 388 2801 velis
401 2766 434 2801 ex
447 2749 588 2819 Apollonio
601 2746 700 2812 mod,
711 2750 747 2812 11,
767 2748 828 2812 651,
848 2750 893 2818 qui
910 2750 979 2803 inter
1022 2748 1150 2803 distantia
1169 2758 1230 2801 nota
1244 2748 1322 2799 etiam
1338 2745 1457 2801 hocloco
1470 2746 1543 2818 apud
1560 2752 1736 2821 Anonymum
1751 2771 1810 2824 sup-

192 2825 328 2880 Melanam
335 2846 422 2882 acram
431 2838 458 2881 et
465 2828 563 2899 Calpen
573 2826 976 2898 metnommpopnmttioag,
1021 2826 1116 2899 plenda
1129 2838 1176 2881 eat.
1190 2828 1246 2880 Sec.
1266 2826 1437 2898 Xenophont.
1455 2828 1504 2893 Vi,
1517 2830 1545 2892 4,
1558 2829 1573 2881 3
1586 2826 1600 2881 ό
1621 2828 1724 2898 Κάλπης
1737 2830 1811 2904 λιμὴν

193 2905 253 2958 ἔνθα
262 2906 377 2976 πάροιθεν
385 2906 489 2978 Διψακὸς
497 2905 531 2958 υί’
543 2904 690 2975 ’λθάμαντος
702 2904 751 2967 lota
764 2905 879 2960 intexto
892 2909 978 2980 δόμοι·
1023 2907 1047 2960 ίν
1062 2909 1129 2979 μεόῳ
1147 2909 1226 2960 νεῖται
1246 2907 1392 2976 ίαατίρωθεν
1419 2905 1545 2959 πλεόντων
1568 2905 1592 2969 ἐξ
1607 2905 1760 2978 Ἡρακλείας
1774 2916 1811 2964 mi

192 3002 241 3049 σιν,
254 2985 439 3055 quiDipsacus
455 2983 491 3055 ίφ’
506 2984 577 3036 ὕδασι
595 2984 685 3053 πατρός
705 2983 976 3052 ἐοῖοίψθλλιθοςεεο,
1022 2987 1164 3048 Βυζαντίου.
1187 2987 1243 3038 Sec.
1261 2983 1394 3055 Poripium
1415 2985 1449 3038 ab
1471 2985 1553 3038 Hiero
1575 2985 1608 3040 ad
1631 2987 1732 3058 Calpen
1753 3003 1810 3043 sunt

191 3063 274 3117 schol.
289 3065 301 3133 )
316 3066 401 3134 μητέρι
416 3063 581 3116 συνναίεσκεν.
600 3064 702 3115 Fanum
720 3064 825 3134 Dipsnci
843 3077 870 3118 et
887 3065 979 3137 εθρείας
1023 3065 1075 3135 750
1083 3065 1177 3130 stadia,
1191 3064 1253 3117 hinc
1266 3061 1300 3116 ad
1315 3062 1467 3116 Heracleam
1480 3066 1533 3118 800
1544 3063 1639 3118 stadia.
1655 3069 1810 3138 ltnonprnus

191 3145 316 3213 ποταμοῖο
324 3141 496 3209 ἠιόναςπεδίον
506 3141 684 3209 rs,etdeinde
692 3143 864 3213 βαθυρρείοντά
874 3146 977 3214 Κάλπην
1022 3154 1049 3198 et
1069 3145 1218 3198 Marcianus
1241 3141 1338 3212 Calpen
1361 3143 1574 3196 Heracleotarum
1594 3149 1809 3216 cssecmporiun

191 3225 350 3291 Argonautae
359 3223 597 3294 preservehuntur.
610 3224 752 3276 Scholiasta
767 3225 890 3290 ;Φθλλις,
902 3245 978 3280 ποτα·
1022 3223 1124 3277 dicunt.
1134 3226 1191 3276 Sec.
1203 3222 1406 3292 Xenophontem
1419 3221 1436 3274 ί.
1446 3221 1464 3274 l.
1473 3221 1534 3275 inde
1547 3221 1581 3274 ab
1591 3223 1719 3277 Heraclea
1730 3243 1809 3296 usque

193 3301 237 3371 μδς
248 3302 367 3364 Βιθυνίας,
385 3303 508 3374 Stephan.
522 3305 587 3373 Byr.
595 3321 620 3354 ν.
632 3303 728 3365 Φίλλις
739 3320 745 3356 :
758 3303 810 3358 ἔστι
817 3306 858 3358 καλ
869 3307 979 3378 ποταμός
1022 3303 1056 3356 nd
1070 3305 1146 3357 Ponti
1159 3304 1256 3355 ostium
1268 3301 1339 3363 πόλις
1353 3301 1455 3373 οίνδεμία
1469 3299 1524 3354 οὔτε
1537 3301 1606 3372 φιλία
1620 3301 1678 3356 οὔτε
1695 3301 1808 3372 Ἑλληνὶς

192 3381 302 3444 Βιθυνίας
318 3381 424 3447 Φίλλις,
441 3378 470 3434 οδ
489 3380 602 3447 Φυλληίς
615 3381 645 3433 rb
662 3382 769 3448 θηλυκόν
786 3383 886 3453 (Haud
896 3385 979 3439 dubio
1022 3395 1085 3436 erat.
1098 3386 1109 3452 Ι]
1119 3382 1184 3435 -5.
1193 3378 1273 3451 πηγὴ
1292 3381 1358 3433 κτλ.
1369 3382 1378 3450 ]
1390 3381 1539 3452 Xenophon
1550 3383 1586 3434 ita
1592 3381 1673 3434 babet
1681 3385 1731 3448 VI,
1741 3389 1767 3446 4,
1779 3387 1807 3438 3:

191 3460 247 3513 haec
254 3480 286 3513 ex
299 3461 441 3532 Apollonio
449 3461 541 3514 hausta
551 3466 571 3529 ).
585 3463 626 3513 De
636 3461 759 3514 distantia
769 3474 862 3533 praeter
871 3467 979 3536 Anony-
1022 3463 1098 3531 κρήνη
1115 3461 1140 3514 δὲ
1157 3460 1227 3526 ἡδέος
1238 3459 1324 3521 θδατος
1342 3460 1384 3511 ταί
1395 3459 1499 3530 άφθονος
1512 3459 1598 3530 ῥέουσα
1611 3459 1638 3514 ἐν
1652 3459 1716 3532 ahts]
1727 3468 1758 3533 τῇ
1770 3465 1809 3516 θε-

191 3557 264 3592 mum
273 3540 493 3594 concinunt'i'ab.
502 3541 623 3608 Pcuting.
634 3541 684 3608 (19
695 3540 759 3593 mill.
768 3544 778 3609 )
788 3552 815 3593 et
823 3543 978 3596 Ptolemaeus
1021 3540 1099 3614 λάττῃ
1109 3541 1155 3594 tato
1164 3545 1196 3611 τῇ
1210 3539 1347 3610 ἐπικρατείᾳ
1359 3543 1403 3590 τοῦ
1415 3539 1517 3608 χωρίου.
1530 3540 1600 3592 Fons
1613 3538 1657 3591 iiie
1670 3551 1712 3592 est
1723 3542 1810 3613 Calpes

190 3620 202 3684 ί
217 3628 246 3680 'h
260 3619 335 3688 grad.
351 3624 371 3689 ).
382 3619 492 3673 (ἕλειοι.
507 3617 541 3670 ad
557 3619 683 3671 Marcian.
698 3619 716 3672 l.
727 3619 744 3672 Ι.
756 3621 879 3675 Ceterum
894 3623 977 3678 Psillis
1022 3619 1126 3684 fluitur,
1141 3619 1293 3674 utridctur.
1313 3620 1323 3688 Ι]
1339 3649 1375 3662 -·
1391 3617 1445 3670 Καί
1469 3613 1566 3672 αὗται
1586 3617 1741 3691 ἔνθηροι]
1757 3624 1810 3674 Hoc

191 3695 287 3750 fluvius
305 3698 327 3749 is
336 3708 376 3750 est
387 3697 420 3749 ad
432 3714 512 3768 quem
525 3696 605 3750 bodie
625 3698 704 3750 situm
718 3709 758 3752 est
771 3699 910 3753 Mcsdcltid
922 3702 975 3756 ini.
1021 3701 1049 3753 in
1066 3711 1157 3753 nostro
1177 3699 1354 3769 Xenophonte
1368 3715 1422 3750 nou
1437 3696 1540 3766 legitur.
1559 3697 1687 3750 Ceterum
1702 3700 1752 3753 loci
1769 3701 1810 3754 dc·

193 3772 206 3842 Ι]
220 3778 295 3836 -4,
307 3773 433 3842 Κάλπης
462 3772 560 3845 λιμὴν
574 3777 584 3846 ]
598 3775 698 3842 Κάλπης
707 3777 976 3845 genitivumesselooi
1021 3781 1190 3852 scriptionem
1205 3787 1399 3850 peraccuratam
1416 3776 1486 3847 apud
1500 3779 1585 3848 ipsum
1604 3779 1809 3850 Xenophontem

191 3851 263 3904 unde
275 3851 362 3905 dictus
372 3864 475 3924 portus,
485 3853 568 3924 liquet
579 3873 594 3905 c
604 3866 729 3924 sequente
742 3871 749 3908 ε
760 3853 813 3908 tet
827 3856 927 3924 Κάλπης
939 3859 977 3911 λι-
1022 3861 1099 3929 legas.

190 3933 272 4006 μίνος.
290 3931 391 3986 Eodem
402 3932 483 3986 modo
497 3933 648 4005 Xenophon
660 3933 745 3988 Anab.
756 3936 805 3999 vl,
816 3951 843 4000 2,
857 3937 897 3991 13.
911 3939 937 4003 3,
949 3955 974 3992 a.
1055 3942 1071 4007 ς
1084 3944 1126 4002 18,
1136 3938 1154 3991 Ι.
1162 3957 1189 4008 9.
1201 3934 1303 4007 Ῥόην]
1314 3936 1405 3988 liboen
1417 3935 1810 4010 (hod.1ninndjiKeJir-n]pm

193 4027 235 4065 το.
260 4016 301 4066 ιθ.
317 4018 351 4076 ai
367 4029 374 4065 ε
399 4011 432 4075 είς
445 4013 545 4080 Κάλπης
558 4013 656 4084 λιμένα,
678 4010 724 4078 τὴν
738 4011 778 4067 ἐπί
792 4014 892 4082 Κάλπης
906 4017 974 4069 θδόν.
1021 4019 1503 4088 terArrianumethnonymumnemo
1514 4027 1653 4068 memorat.
1667 4040 1678 4060 ι
1689 4018 1808 4072 Ceterum

190 4090 271 4162 Apud
290 4096 458 4164 Anonyms
481 4091 596 4157 doodex
616 4092 696 4146 habet
715 4092 748 4154 είς
768 4093 870 4162 Κάλπην
889 4095 977 4167 λιμένα
1021 4099 1048 4149 ίη
1062 4095 1170 4150 Απεειίε
1188 4093 1388 4164 i'numdjt'ghaz.
1405 4095 1494 4163 portui
1506 4093 1810 4164 Kesicnproximuscrit

188 4170 232 4224 καί
242 4173 389 4243 anteponet
400 4173 414 4226 δ
424 4173 525 4240 Κάλπης
536 4172 624 4244 λιμήν,
638 4183 668 4226 nt
677 4174 855 4226 nominativus
866 4176 900 4228 sit
911 4177 978 4229 Κάλ-
1021 4177 1093 4228 rivus
1111 4174 1235 4248 quidam,
1255 4173 1302 4249 qni
1320 4191 1338 4226 a
1352 4173 1460 4228 environ
1481 4191 1528 4226 ιιπε
1549 4172 1615 4224 liene
1635 4186 1661 4225 er
1678 4173 1764 4226 dernie
1782 4176 1811 4226 de

189 4271 237 4319 πης
256 4270 350 4322 genere
371 4252 534 4318 masculino,
556 4252 780 4324 quemadmodum
802 4253 902 4317 Κάλπας
927 4257 976 4310 liu·
1021 4273 1110 4317 conns,
1132 4265 1239 4307 auctore
1259 4253 1427 4317 Jouannino,
1442 4261 1469 4305 et
1487 4270 1519 4305 er
1535 4269 1590 4322 quo
1610 4269 1691 4306 suum
1715 4271 1810 4308 nomen

190 4333 249 4384 vius
268 4331 367 4384 dicitur
379 4349 422 4403 ap.
444 4332 600 4386 Strabonem
616 4334 679 4397 XII,
699 4351 727 4404 p.
746 4333 807 4399 543,
822 4334 918 4407 Gripum
930 4353 974 4406 ap.
1022 4334 1095 4386 Rhoe
1106 4331 1192 4385 lorsan
1206 4330 1315 4402 aceepit.
1325 4332 1438 4402 Reperio
1450 4332 1529 4384 etiam
1539 4329 1656 4384 rivulum
1666 4332 1748 4384 alium
1764 4335 1808 4384 mi·

190 4411 304 4465 Plinium
313 4414 362 4477 VI,
376 4428 405 4476 ις
421 4411 511 4466 Κάλπα
522 4417 635 4483 ποταμοῦ
649 4411 750 4465 ίαθολαί
761 4414 820 4484 (57⁰
829 4413 872 4476 4ο’
886 4413 976 4486 long.)
1021 4430 1113 4465 norem
1121 4413 1147 4464 in
1155 4420 1262 4482 portum
1269 4413 1356 4482 ipsum
1363 4409 1461 4477 Keller
1469 4421 1619 4474 exeuntem,
1631 4427 1665 4463 oa
1674 4429 1731 4482 quo
1739 4411 1810 4463 Rhoe

188 4507 233 4560 ap.
245 4489 355 4544 Ptolem.
371 4493 407 4556 V,
422 4507 432 4543 1
446 4509 474 4563 p.
489 4493 551 4557 312,
565 4509 607 4557 ro,
619 4491 692 4562 quod
701 4493 882 4563 reponendum
897 4496 976 4548 etiam
1022 4490 1110 4546 ioman
1130 4489 1216 4543 dictus
1231 4490 1304 4543 locus
1317 4487 1376 4544 suit.
1393 4514 1404 4536 ι
1423 4490 1546 4544 δίτονον.
1571 4489 1629 4558 11-
1644 4505 1686 4543 ιο.
1703 4489 1809 4542 haol-

188 4568 260 4639 apud
269 4572 445 4636 Marcianum,
456 4571 501 4625 ubi
513 4571 596 4626 codex
608 4589 615 4624 ι
629 4571 677 4624 dnh
691 4572 791 4636 Κάλπις
800 4577 922 4645 ποταμοῦ.
933 4573 975 4628 Cf.
1021 4569 1062 4621 λω
1071 4589 1083 4621 ν
1091 4570 1118 4620 ία
1126 4570 1153 4640 ν]
1165 4568 1181 4636 ἡ
1191 4573 1233 4621 νῦν
1243 4568 1381 4640 Δαφνουσία
1389 4565 1667 4636 adscribiturmargini
1677 4586 1809 4624 manuscr.

190 4648 312 4718 Aponon.
326 4650 376 4703 Κλ).
388 4667 415 4718 a,
427 4653 480 4720 659
492 4670 498 4705 :
511 4652 684 4723 βαθυρρείοντά
693 4671 719 4706 τε
729 4652 840 4720 Κάλπην.
851 4655 976 4708 Ceterum
1021 4650 1139 4705 Palatini.
1153 4675 1164 4696 ·
1188 4651 1328 4703 Honsrnr.
1343 4647 1384 4700 Ci.
1406 4651 1539 4718 Anonym.
1551 4649 1566 4716 S
1580 4652 1597 4698 ό
1611 4663 1617 4699 :
1643 4645 1809 4700 Ἀπολλωνίαν

188 4728 337 4798 Stephanus
355 4731 417 4800 llyz.
434 4747 440 4784 :
457 4731 565 4798 Κάλπη
587 4730 706 4803 (Κάλπαι
719 4731 798 4785 codd.
819 4732 930 4786 Aldinus
951 4743 977 4786 et
1022 4728 1066 4794 τὴν
1082 4733 1125 4780 νῦν
1139 4728 1277 4799 λεγομένην
1290 4728 1398 4798 Δάφνην,
1411 4737 1437 4779 et
1450 4725 1546 4778 deinde
1559 4743 1564 4780 :
1577 4723 1626 4778 άπδ
1645 4725 1672 4778 δὲ
1688 4723 1808 4779 'banilo

189 4809 348 4876 Vossianus;
358 4809 404 4862 scd
417 4810 504 4877 Κάλπη
518 4811 598 4864 scrib.
611 4829 666 4863 esse
678 4812 759 4883 liquet
767 4829 800 4863 ex
811 4811 934 4881 Stephan.
950 4829 974 4862 ν.
1022 4811 1103 4870 νιάδος
1117 4808 1192 4872 νήσου
1210 4811 1252 4872 τῆς
1271 4807 1313 4859 καί
1331 4807 1492 4876 Δαφνουσίας.
1509 4805 1634 4858 Similiter
1655 4807 1809 4862 Ptolomeus

190 4887 303 4957 Καρπηία
314 4892 335 4956 ),
346 4889 418 4950 πόλις
425 4889 542 4941 Βιθυνῶν.
553 4889 700 4960 θεόπομπος
713 4889 796 4960 δγδδῳ
809 4886 974 4956 Ἑλληνικῶν.
1020 4907 1048 4961 p.
1061 4890 1123 4952 314,
1145 4905 1175 4956 17
1191 4903 1197 4940 ι
1212 4885 1228 4952 h
1244 4885 1332 4947 θυνιὰς
1347 4884 1363 4952 ἡ
1376 4885 1417 4938 καί
1426 4884 1564 4955 Δαφνουοία
1575 4887 1667 4950 νῆσος,
1682 4885 1730 4938 ubi
1739 4887 1807 4938 Wit-
1874 4945 1875 4950 ρ

190 4966 263 5018 Ἔστι
272 4967 313 5018 καί
320 4964 396 5037 λιμὴν
408 4967 515 5035 Κάλπης·
527 4967 557 5020 rb
567 4967 662 5021 ίθνιιιδν
672 4969 791 5031 licinia,
801 4967 834 5028 ὡς
843 4967 974 5032 Σινωπείνς,
1021 4967 1116 5038 bergos
1129 4965 1231 5032 verhah
1241 4965 1282 5017 ναὶ
1290 4967 1318 5017 Δ.
1331 4982 1392 5038 cum
1402 4962 1509 5016 dnohus
1517 4961 1597 5018 codd.
1608 4964 1710 5017 omisit.
1724 4965 1808 5033 Vulgo

189 5045 232 5102 καί
244 5045 367 5108 Καλπῖνος
375 5046 452 5112 ἔστιν,
464 5048 497 5110 ὡς
508 5048 588 5114 Πεότιη
602 5049 732 5110 Πευνῖνος·
748 5051 792 5100 τοῦ
800 5047 826 5100 δὲ
835 5047 934 5118 λιμένος
944 5048 977 5109 ὡς
1020 5047 1146 5118 Thynias,
1157 5045 1244 5108 θυνιέις
1258 5049 1267 5114 (
1278 5065 1300 5098 s.
1310 5043 1409 5110 θυνηίς,
1422 5042 1503 5108 θυνλς,
1513 5041 1590 5109 Θθνη,
1601 5041 1678 5094 θυνία
1688 5046 1712 5111 ),
1726 5045 1807 5096 insuia

192 5123 412 5195 Καλπολιμενίτης.
423 5126 436 5152 *
445 5126 488 5178 καί
501 5124 546 5191 τὴν
557 5126 629 5179 πόλιν
639 5127 760 5196 Κάρπειαν
771 5128 828 5194 (sic
841 5127 974 5191 Meinelrm
1020 5129 1179 5200 appellatum
1193 5145 1218 5180 ν.
1233 5127 1323 5198 Scylax
1338 5130 1353 5196 S
1366 5143 1410 5194 92,
1432 5126 1556 5196 Stephan.
1577 5126 1638 5194 Byr..
1663 5143 1691 5176 ν.
1711 5123 1806 5187 θονιάς,

191 5201 318 5270 Καρπηίαν
332 5205 439 5268 ΒονΙιείς
460 5205 584 5258 Κάλπειαν
595 5216 621 5258 et
638 5206 778 5278 Κάλρπειαν
788 5205 866 5258 codd.
880 5205 974 5276 )τινὲς,
1021 5208 1184 5280 Pomponius
1197 5207 1263 5259 hicio
1279 5209 1313 5271 li,
1334 5223 1360 5277 7.
1373 5204 1467 5260 Strabo
1477 5206 1538 5268 ΧΠ,
1555 5221 1581 5278 p.
1597 5203 1658 5268 543,
1674 5203 1807 5260 Callime-
