3775 5750
520 327 571 388 llll
592 327 780 388 HANNONE
799 327 1149 390 ctutfltuttiittusu.
1556 350 1643 394 xaru

42 462 254 530 confirmantur,
266 457 347 536 quod
357 457 452 517 insule
465 477 530 536 quae
543 458 579 516 ad
591 457 712 537 llesperi
725 479 818 518 cornu
859 460 1048 538 scriptionem
1060 479 1155 537 neque
1169 460 1200 517 in
1212 459 1365 518 Cercinam
1379 478 1475 538 neque
1485 463 1517 519 in
1531 462 1645 522 Cernes

41 561 95 628 sita,
120 557 209 617 aliam
237 556 364 613 insulam
389 555 420 613 in
441 553 639 632 λιμνυθολύσσῃ
663 556 819 634 complecti
860 555 1049 612 Hannonem
1063 554 1184 625 cedere,
1203 554 1284 631 quod
1296 574 1368 624 tero
1386 556 1509 614 deauco
1521 560 1645 636 ctpuel-

40 655 148 724 dicitur,
162 651 378 710 manifestocst
390 649 673 724 hodiernadlnrarrg.
688 651 821 728 lienique
860 651 897 708 lis
916 650 1055 725 aurilegis
1074 663 1219 719 nsrratur,
1236 649 1341 708 referri
1358 668 1417 708 non
1430 669 1518 728 posse
1537 653 1596 711 nisi
1607 653 1645 712 ad

40 771 96 827 quae
109 749 144 806 de
165 749 276 806 ultimo
293 747 349 806 hoc
372 759 466 805 tractu
486 760 642 806 narrantur
661 746 766 806 labnlis
780 748 821 806 si·
860 745 1646 825 Libyaemcridionalisregionesauriferasmbildungo

42 846 125 917 milis,
149 843 233 902 sacili
250 843 370 920 negotio
388 842 425 900 ad
438 843 591 900 veritatem
606 843 736 902 revocari
750 843 821 902 satis
860 842 937 901 Pcrk
948 843 981 901 in
988 842 1058 902 ltin.
1067 863 1097 920 p.
1110 861 1242 920 aposqq.
1257 855 1378 901 testetur
1377 849 1509 914 seminas
1519 844 1550 902 in
1557 863 1646 902 ιιιτοι

41 942 92 1018 jun
107 952 233 998 constat.
860 951 889 996 et
910 940 972 997 luto
993 939 1154 998 fluviorum
1179 958 1284 998 nurum
1308 940 1449 1016 colligere
1471 953 1502 998 et
1524 941 1646 1000 collecta

75 1037 117 1094 38.
130 1035 273 1113 Superest
284 1046 317 1092 ut
327 1034 430 1112 prucis
440 1053 636 1112 exponamus,
649 1019 715 1112 qiae
724 1033 761 1093 de
771 1054 823 1093 rc-
862 1052 951 1109 grona
964 1033 995 1092 in
1006 1053 1164 1109 pennmm
1180 1037 1298 1093 alveolis
1309 1052 1458 1112 reponere.
1467 1034 1603 1096 Ceterum
1613 1037 1646 1094 in

42 1129 170 1208 gionibus
198 1143 229 1188 et
247 1131 432 1190 commerciis
452 1129 489 1188 ab
507 1131 649 1190 llannone
671 1131 822 1209 patefactis
862 1130 927 1203 ipss
942 1129 1156 1188 insulanorum
1171 1129 1272 1204 colligi
1292 1149 1395 1208 perum
1417 1129 1572 1208 probabile
1585 1145 1645 1204 est3

42 1231 156 1287 seriores
168 1228 332 1305 scriptores
341 1228 521 1305 occeperint,
537 1241 565 1286 et
577 1227 725 1306 quomodo
735 1232 822 1286 llan-
862 1226 1046 1286 subindicnri
1066 1226 1165 1304 ponus
1184 1227 1282 1284 insula
1299 1226 1426 1298 ridetur,
1443 1245 1481 1284 ex
1500 1247 1559 1304 que
1579 1229 1648 1286 Car·

44 1327 120 1383 nonis
132 1324 267 1382 narratio
281 1325 375 1382 variis
392 1327 561 1382 commentis
576 1341 675 1382 nuum
697 1322 821 1384 dederit.
864 1321 1060 1397 thaginienses
1071 1341 1138 1379 cum
1155 1321 1333 1380 continentis
1345 1321 1485 1396 curilegis
1499 1341 1585 1397 agere
1598 1343 1646 1381 so·

45 1427 214 1500 deprimum
225 1420 347 1497 quidem
362 1419 526 1478 llerodotus
538 1418 597 1494 llll,
616 1418 684 1496 196)
701 1429 818 1478 narrat:
864 1415 967 1474 lerent.
984 1415 1060 1474 lieri
1074 1429 1169 1492 potest
1186 1429 1219 1474 ut
1237 1415 1300 1474 bec
1318 1415 1358 1474 sit
1370 1414 1465 1474 Cerne
1477 1415 1646 1491 Hannonis,

43 1515 302 1597 λέγουσιδέκαίτσίδι
312 1514 495 1595 Καρχηδόνιοι·
503 1503 820 1592 είναιτῆςΛιύύηςχῶρύν
865 1525 991 1572 attamen
1006 1533 1098 1590 quum
1120 1532 1216 1590 nequo
1238 1531 1345 1572 nornen
1359 1529 1454 1592 neque
1472 1517 1649 1573 demands
1715 1524 1729 1548 v

43 1637 67 1671 τι
80 1615 121 1672 καὶ
135 1611 290 1693 ἀνθρώπους
301 1609 351 1679 ἐξω
369 1609 524 1690 Ἡρακλέων
538 1607 821 1686 στηλίωνκατοικημί-
865 1610 1059 1682 conveniunt,
1077 1612 1176 1668 nescio
1198 1629 1236 1668 an
1257 1611 1355 1686 aptius
1370 1609 1516 1666 conferam
1534 1608 1649 1686 mytho-

42 1733 103 1784 ιιυς,
114 1711 139 1776 ἐς
148 1707 210 1776 τοὺς
220 1707 304 1768 luein
315 1705 462 1766 ἀπίκωνται
471 1705 517 1766 καί
525 1705 663 1775 ἐξέλωνται
672 1705 705 1764 sd
714 1705 818 1786 φορτία,
865 1705 962 1780 logica
975 1705 1098 1764 Diodori
1109 1705 1175 1781 llll,
1185 1703 1246 1785 54).
1266 1705 1297 1763 ls
1309 1705 1388 1764 enim
1406 1723 1501 1783 prope
1517 1705 1649 1784 llesperu

43 1805 119 1870 θένττς
139 1803 209 1862 αὐτὰ
231 1802 325 1872 ἐπεξῆς
343 1799 418 1880 παρὰ
439 1801 485 1872 τὴν
507 1800 679 1880 κυματωγὴν,
699 1799 822 1867 ἐσὸιίκσις
866 1819 948 1862 cerus
966 1801 1051 1860 novit
1068 1800 1235 1881 Κιραύνια
1250 1800 1317 1881 ὄρη,
1328 1815 1357 1861 et
1367 1801 1539 1878 juxtabaoc
1552 1802 1651 1885 regio·

43 1899 107 1964 ίςτύ
118 1901 199 1957 πλοῖα
213 1897 303 1979 τύρσιν
322 1894 435 1956 καπνόν·
450 1896 510 1963 τούς
525 1897 549 1956 δ’
561 1896 717 1977 ἐπιχωρίους
733 1895 822 1974 ίδοριί·
866 1917 932 1957 nem
951 1899 1036 1978 ponit
1058 1898 1227 1976 Hesperiam
1248 1900 1426 1957 Amazonum
1439 1897 1565 1956 insulem
1579 1897 1650 1956 satis

45 2019 94 2061 νοις
105 1997 148 2054 τὐν
162 1993 266 2054 καπνὸν
290 1995 356 2052 ἰέναι
370 1993 413 2051 ἐπὶ
438 1991 485 2064 τὴν
498 1993 635 2052 θάλασσαν
655 1991 701 2052 καί
722 1991 822 2051 ἐπεισιν
867 2015 999 2072 magnum
1013 2015 1048 2053 ac
1061 1995 1196 2071 frugibus
1207 1994 1388 2072 gemmisque
1396 1993 1650 2065 diritemllsnno

46 2090 149 2148 ι’ντίτῶν
158 2088 273 2169 φορτίων
279 2087 376 2169 χρυσὸν
382 2087 529 2148 τιθίνσικαί
537 2087 724 2168 ἐξαναχωρέειν
731 2086 822 2166 πρίσω
866 2111 939 2150 vero
951 2091 988 2150 ud
1003 2091 1136 2171 llesperu
1148 2110 1241 2149 cornu
1253 2101 1398 2149 memorat
1404 2093 1484 2160 νῆσον
1497 2091 1650 2169 μιγύλην

43 2184 88 2241 iso
104 2187 155 2242 τῶν
182 2183 310 2264 φορτίων.
334 2181 403 2247 Τοὺς
421 2180 450 2242 δέ
473 2181 672 2262 Καρχηδονίους
693 2183 823 2249 laddum:
866 2185 921 2246 καλ
944 2187 978 2244 ἐκ
997 2184 1133 2266 τῇνιίσιρ
1156 2183 1272 2261 λίμνην
1291 2182 1450 2256 θαλασσύιδη
1475 2185 1512 2261 (S
1528 2185 1601 2260 ull:
1618 2197 1651 2242 ut

43 2279 212 2358 σκέπτεσθαι,
225 2279 272 2338 καὶ
287 2277 320 2350 ἢν
344 2279 391 2356 μὲν
405 2277 529 2360 φαίνηταί
549 2301 595 2360 σφι
617 2278 686 2350 ἐξιος
698 2283 713 2338 ὁ
726 2278 822 2360 χρυσὸς
866 2278 1501 2362 ίιατιοιισιίίύραυνινίίιιοςίοιίιίιιιιασίιιιίἽ.
1512 2279 1649 2356 Ututest,

43 2382 88 2434 τῶν
110 2377 237 2456 φορτίων,
262 2375 413 2452 ἀνελόμενοι
432 2375 664 2450 ἀπαλλάσσονται,
682 2374 715 2446 ἣν
737 2373 822 2452 dipl
867 2397 958 2458 quum
967 2377 1220 2456 pretereadeisto
1231 2377 1297 2435 ruri
1305 2377 1492 2448 commercio,
1504 2374 1583 2452 quod
1591 2394 1653 2453 prs.-

43 2470 377 2544 ermessendem&
390 2468 821 2552 τίττλοῖοτοτίοτοο,οίδίπροο·
867 2476 973 2535 ceteris
985 2476 1043 2534 huc
1065 2475 1200 2534 elicuisse
1222 2471 1479 2547 Carthaginienses
1502 2482 1652 2530 consents·

42 2568 150 2632 ελθόντις
162 2567 243 2626 ἄλλον
257 2563 320 2644 πρὸς
331 2554 368 2624 ὧν
390 2565 485 2636 ἔθηκαν
500 2564 611 2644 χρυσδν,
626 2567 653 2632 lc
672 2556 702 2626 ού
714 2565 746 2624 δν
761 2565 819 2624 ml·
867 2589 968 2630 neum.
987 2569 1061 2629 nibil
1078 2569 1115 2628 ad
1130 2588 1184 2628 nos
1206 2566 1446 2646 trsnspimrerit,
1467 2565 1552 2624 rides
1562 2583 1651 2644 quum

43 2669 110 2722 θωσι.
126 2662 251 2722 Ἀδικέειν
273 2661 301 2720 δέ
320 2661 484 2741 οὐδετέρως·
505 2659 565 2720 ούτι
587 2661 639 2742 γδρ
663 2660 757 2730 αὐτούς
777 2667 823 2722 τοῦ
868 2666 970 2726 sedulo
982 2666 1065 2725 roni
1078 2683 1247 2724 arcenusua
1260 2661 1463 2722 custodierint.

43 2763 135 2834 χρυσοῦ
151 2756 282 2816 introduc
303 2755 365 2835 πρὶν
384 2755 415 2813 ἄν
436 2777 482 2838 σφι
496 2757 617 2835 ἀπισωθῇ
635 2759 668 2836 τῇ
689 2755 748 2835 ἐξίῃ
770 2759 823 2815 τῶν
910 2772 960 2833 lo.
973 2762 1044 2822 l‘ost
1057 2761 1236 2821 Herodotum
1247 2773 1457 2838 extemporum
1469 2757 1573 2816 ordine
1583 2777 1652 2816 me-

42 2849 415 2929 consimilitudinem
429 2850 540 2933 φορτίων
555 2849 684 2911 decretu
698 2851 824 2933 πρύτιρον
868 2859 1030 2918 morandus
1039 2857 1173 2917 videatur
1188 2855 1312 2934 Scylax,
1327 2852 1414 2931 cuitu
1424 2852 1559 2933 periples
1579 2853 1651 2913 terl-

44 2946 145 3015 ἦτθτυθ
159 2945 310 3026 τδχρυσίσν
322 2944 436 3007 λυίύωσι.
449 2946 673 3007 Ριιειίισσοιιισί
685 2968 826 3007 commer-
868 2966 936 3034 ptus
944 2968 989 3014 est
1003 2954 1105 3033 prucis
1115 2951 1200 3011 annis
1209 2964 1277 3009 ante
1290 2968 1412 3025 regnum
1423 2948 1582 3007 Alexandri
1590 2948 1653 3010 bla-
1777 2947 1783 2958 ⁴

43 3044 82 3099 cia
92 3042 240 3119 pertinere
248 3040 285 3098 nd
296 3041 430 3116 regiones
443 3040 672 3117 quaenmcridie
683 3056 752 3101 sunt
764 3061 823 3100 mn·
869 3050 931 3125 gni.
958 3050 1092 3108 Attamen
1115 3066 1182 3124 quse
1204 3046 1235 3103 in
1262 3044 1392 3122 Scylocis
1413 3044 1568 3123 periplo§
1597 3064 1652 3102 ιιι

44 3142 88 3212 gni
117 3138 242 3209 deserti;
274 3138 414 3197 rationem
442 3156 513 3196 vero
544 3156 631 3216 quam
658 3138 824 3199 llcrodntus
869 3163 899 3221 p.
918 3163 955 3218 9¹
968 3162 1033 3218 sqq.
1044 3143 1083 3201 de
1095 3141 1197 3219 Libyae
1211 3158 1320 3198 oceano
1329 3140 1478 3215 leguntur,
1491 3150 1592 3217 posteo
1602 3137 1653 3196 de·

44 3232 192 3306 describit,
207 3232 295 3291 etiam
308 3230 522 3295 recentioribus
544 3232 726 3312 temporibus
741 3232 825 3293 obti-
869 3258 950 3299 mum
973 3238 1093 3297 aliunde
1116 3256 1230 3295 snnexs
1246 3254 1309 3296 csse
1331 3255 1368 3293 ex
1393 3248 1455 3293 toto
1478 3234 1654 3294 uenationis

45 3350 108 3387 nere
118 3331 249 3387 viatores
263 3342 406 3387 testantur
419 3330 470 3405 (Ἴ.
869 3335 972 3395 habitu
995 3334 1161 3409 colligitur3
1184 3331 1294 3410 quibus
1307 3330 1382 3389 udde
1399 3342 1546 3388 auctorem
1564 3329 1654 3408 hujus

81 3426 128 3501 39-
148 3424 231 3482 ldem
247 3424 412 3483 Herodotus
428 3422 477 3501 Ν,
495 3424 549 3501 195
567 3423 667 3485 :ilerd
678 3422 783 3492 τούτους
797 3424 823 3484 ll
870 3430 975 3509 cupitis
987 3429 1064 3489 duos
1074 3426 1245 3486 adhibuisse
1254 3426 1348 3485 lentes
1359 3424 1495 3500 etinepte
1504 3423 1655 3483 mbeuisse

47 3521 113 3595 (mic
135 3524 159 3581 Γ
159 3520 410 3599 ύζαντσς)λι’γουσι
427 3518 604 3601 Καρχηδόνιοι
622 3520 728 3580 κιίσθαι
747 3525 824 3593 νῆσον
870 3524 923 3606 (v.
946 3537 1009 3584 not.
1030 3544 1061 3603 p.
1079 3523 1148 3600 91).
1170 3523 1212 3580 Ae
1230 3524 1420 3599 posteriorem
1442 3530 1553 3577 eutem
1567 3519 1654 3577 etiam

46 3614 188 3693 τῇσύνομα
202 3604 271 3673 εἶναι
286 3615 429 3695 Κύραυνιν,
446 3620 528 3692 μῆκος
540 3612 587 3693 μίν
602 3616 740 3688 διηκοσίων
754 3639 826 3675 στα·
870 3618 1259 3698 geographicanarrntorum
1267 3616 1344 3674 ratio
1353 3614 1530 3673 subindicat.
1540 3612 1654 3673 Etenim
1741 3653 1747 3666 .

47 3711 110 3782 δίων,
127 3710 231 3776 ultim<
257 3710 285 3769 δί
305 3708 421 3785 στεινὴν,
446 3709 572 3769 δισθατδν
594 3712 624 3770 ἐκ
638 3716 682 3783 τῆς
698 3710 824 3791 ἠπείρου,
871 3711 1011 3792 Libycam
1025 3732 1108 3773 orem
1125 3732 1185 3771 non
1201 3710 1286 3770 novit
1298 3710 1426 3788 scriptor
1440 3708 1604 3786 nisiusqne
1618 3708 1655 3767 ad

46 3806 148 3865 ἐλαιέων
163 3830 193 3865 τε
210 3804 311 3884 μεστὴν
331 3805 378 3865 καὶ
402 3806 537 3883 ἐμπίλων·
555 3806 650 3884 λίμνην
672 3806 699 3867 δέ
716 3809 743 3866 ἐν
758 3810 825 3885 αὐτῇ
871 3810 977 3871 Lixum
997 3811 1121 3870 flurium
1141 3822 1171 3869 el
1188 3807 1306 3869 initium
1326 3806 1444 3865 deserti.
1462 3805 1537 3865 Cum
1551 3805 1656 3863 ultimo

45 3894 118 3975 εἶναι,
129 3906 161 3962 ἐκ
173 3906 221 3974 τῆς
236 3904 263 3961 αἱ
275 3902 399 3982 παρθένοι
411 3906 462 3960 τῶν
470 3902 618 3983 ἐπιχωρίων
627 3911 745 3984 πτιρσίσι
757 3902 825 3983 ὀρνί·
871 3922 966 3967 sutem
978 3926 1037 3969 οσον
1050 3920 1128 3966 notae
1135 3910 1262 3965 termino
1270 3904 1423 3983 componit
1431 3902 1518 3962 etism
1527 3902 1654 3976 Cernen,

44 3999 278 4081 θωνκεχριμένοισι
289 3998 371 4078 πίσσῃ
383 4001 414 4057 ἐκ
422 4002 468 4071 τῆς
478 3997 548 4064 ίλύις
557 4000 653 4080 δῆγμα
665 3998 824 4079 ἐναρέρουσι
871 4004 1005 4063 ultimum
1023 4021 1112 4080 quum
1126 4011 1250 4060 noverat
1269 3999 1406 4072 insulam,
1418 3997 1574 4057 duodecim
1587 3997 1656 4056 die·-

44 4103 149 4173 χρυσοῦ.
166 4096 203 4156 ln
214 4095 325 4174 quibus
335 4096 487 4174 Cyreunin
497 4095 623 4155 insulem
633 4096 755 4174 plurimi
772 4106 828 4170 (ul
872 4118 937 4159 rum
958 4099 1146 4173 navigatione
1161 4096 1266 4154 σίτοιο
1282 4094 1453 4169 distantem,
1471 4093 1549 4151 ultre
1568 4112 1655 4169 quern
1744 4126 1748 4134 ι

46 4194 168 4272 liennel,
180 4194 332 4268 biennem,
348 4195 400 4253 dii
414 4194 423 4272 l
439 4193 497 4253 dici
513 4207 631 4253 censent
641 4193 769 4271 Syrtidis
782 4194 828 4254 in·
872 4214 952 4255 mare
962 4192 1107 4253 brevibus
1121 4204 1151 4251 et
1164 4210 1249 4249 coeno
1265 4189 1440 4249 obstruitur.
1456 4189 1561 4247 Verum
1576 4202 1609 4248 ut
1619 4188 1657 4245 de

43 4291 131 4349 sulem
145 4290 300 4348 Cercinam
311 4290 358 4348 vel
370 4288 548 4365 Cercinitin‚
565 4288 616 4347 alii
630 4308 701 4347 vero
713 4288 827 4349 Cernen
871 4294 930 4352 situ
945 4291 1049 4351 insule
1060 4309 1163 4369 parum
1178 4288 1366 4346 accuretuvel
1380 4284 1546 4364 accepitrel
1560 4285 1656 4357 linxit,

45 4386 195 4445 Hannonis
210 4386 337 4445 indicari
352 4399 468 4464 putent,
486 4398 520 4443 ut
532 4384 736 4461 Castiglionin
763 4386 827 4445 lisc-
872 4389 914 4446 sic
926 4388 963 4446 de
976 4399 1149 4459 mercatura,
1162 4405 1249 4463 quam
1270 4387 1302 4443 in
1321 4384 1415 4443 Cerne
1430 4382 1528 4440 insula
1539 4400 1655 4441 exerce-

42 4482 103 4541 hrio
126 4483 163 4541 sd
186 4482 367 4541 Herodotum
391 4483 412 4542 l.
434 4482 456 4542 l.
477 4482 625 4553 laudatus,
650 4482 827 4542 Niebuhrius
872 4497 936 4543 rent
945 4483 1212 4559 Carthaginienses,
1222 4482 1293 4540 satis
1304 4480 1394 4537 multu
1405 4476 1492 4535 habet
1507 4467 1572 4555 quae
1581 4478 1658 4537 alius

41 4580 50 4655 l
63 4584 159 4638 Kleine
166 4578 315 4651 Schriften
325 4578 350 4655 l,
362 4598 392 4657 p.
411 4578 490 4655 ild),
503 4577 668 4639 llloversius
680 4578 729 4657 (in
740 4580 827 4635 Ersclr
872 4598 959 4638 nemo
980 4577 1082 4651 tradit,
1098 4578 1163 4636 auri
1184 4591 1281 4635 tannen
1299 4572 1506 4633 commercium
1518 4592 1578 4630 non
1595 4593 1656 4632 mc·

40 4697 66 4734 υ.
80 4680 317 4744 Gmbertom.2d
331 4695 360 4753 p.
373 4674 827 4755 366].Ccrtumcstinsulaede-
867 4688 973 4736 morat.
995 4674 1159 4735 Notandum
1173 4674 1260 4733 etium
1282 4670 1414 4742 Cernen,
1434 4688 1522 4746 quam
1543 4670 1657 4729 colonis

70 4831 101 4889 Γ)
111 4831 141 4879 V.
157 4833 191 4881 Di
208 4831 300 4881 uarro
311 4826 374 4878 Polo
388 4826 482 4891 edesii
497 4828 564 4879 ollrl
579 4828 734 4891 nlaoqialorl
752 4828 889 4879 Veneriam
909 4829 958 4890 vid
970 4827 1073 4878 illustri
1085 4826 1127 4876 del
1141 4828 1167 4877 Ρ.
1181 4825 1226 4875 Ab.
1244 4826 1275 4875 Ι).
1292 4822 1389 4873 Placido
1405 4821 1486 4873 zorln.
1496 4822 1581 4873 venel
1597 4826 1656 4871 ιιιι

42 4912 63 4959 p.
77 4906 120 4949 ιιι
133 4914 183 4964 sq.;
197 4900 274 4951 sture
291 4901 364 4949 ltelse
373 4902 394 4959 1,
407 4913 432 4963 p.
446 4900 580 4961 somiein
592 4898 679 4950 wlede
693 4903 766 4951 ltelss
781 4902 809 4949 m
824 4898 867 4949 die
877 4898 998 4949 Berleret'
1012 4903 1072 4950 tom.
1087 4902 1117 4959 ll,
1132 4912 1155 4960 p.
1170 4901 1222 4949 tid.
1238 4893 1487 4949 {lustriacltrlcltles
1501 4906 1549 4943 ιοιι
1566 4896 1615 4944 Pes
1627 4906 1655 4942 ιι.

44 4972 162 5021 tlnrcklm
172 4986 196 5034 p.
208 4976 265 5023 ²79.
279 4970 438 5031 Allpemet'rre
447 4973 560 5021 Hltlorls
573 4968 620 5021 der
629 4974 745 5023 licitenl.
757 4974 788 5031 ll,
797 4985 820 5033 p.
833 4976 873 5033 rt,
884 4968 1109 5021 cilunlellorersio.
1121 4967 1251 5030 rddequae
1260 4966 1355 5027 mllessil
1365 4966 1436 5017 Belrr
1444 4964 1474 5013 sd
1485 4962 1599 5013 ttuodot.
1611 4963 1627 5012 l.
1638 4963 1655 5012 Ι.

74 5044 119 5103 (“)
134 5043 285 5105 Apollonius
295 5041 350 5091 uir.
366 5052 389 5089 e.
407 5048 435 5091 l'u
448 5041 598 5091 lrmcltubelr
613 5042 716 5106 Σκύμνος
733 5044 758 5093 δέ
770 5044 849 5099 illio:
864 5044 907 5101 τήν
922 5042 1201 5103 Βριττανικὴννῆοον
1210 5041 1271 5101 λέγει
1280 5037 1383 5087 σταδίων
1395 5036 1453 5086 εἶναι
1462 5034 1619 5097 τετρακοσίων
1628 5036 1656 5085 τὸ

47 5109 185 5173 Quom,
196 5109 322 5173 ιίνντοθο
332 5108 357 5157 tt
367 5109 458 5173 Mlti
470 5110 500 5159 τὰ
511 5111 645 5173 rudem
655 5112 776 5177 luins.
789 5113 839 5163 οῖον
854 5114 896 5171 τὰς
914 5112 993 5169 ἐλαίας
1010 5117 1112 5175 ποθῆναι
1127 5112 1160 5173 μή
1178 5114 1240 5175 tren
1252 5111 1312 5172 mii
1332 5108 1414 5172 βότινι
1432 5105 1541 5170 ιῑιοοτοο
1555 5106 1613 5167 νηοὶ
1624 5106 1655 5155 τὰ

46 5180 124 5241 ἐμφερῆ
134 5184 236 5239 τούτοις.
248 5186 275 5233 tn
290 5179 422 5299 ίρχιχοισσίο
431 5192 462 5231 ιο
476 5181 522 5245 lep.
535 5180 567 5231 sll
578 5182 620 5239 τὴν
630 5184 781 5246 κιραυνικήν.
792 5186 865 5235 certe
878 5184 1000 5247 quadrant
1012 5194 1068 5244 qrrae
1083 5180 1114 5232 ιΙο
1127 5182 1198 5244 liujus
1208 5180 1293 5231 insule
1305 5178 1399 5229 ambitu
1408 5177 1556 5236 uerolotm,
1566 5176 1598 5228 de
1610 5177 1671 5227 len.

46 5250 125 5300 lilrlele
139 5252 261 5303 Diodonts
276 5263 292 5314 [ι
340 5251 394 5299 ιιιιί.
1591 5285 1595 5293 .
