3775 5750
27 344 29 347 v
83 326 166 405 μοι
462 330 645 389 κινοννιιι
668 330 786 407 (vomo
808 332 972 411 serunt]
995 332 1108 397 orris
1129 334 1368 399 orscntrrro.

146 458 253 517 πάντων
267 456 394 534 ἐπιτομὴν
407 460 458 516 τῶν
470 456 554 538 χύδην
569 458 729 539 εἰρημένων·
923 476 1043 528 omnium
1055 477 1187 548 epitomen
1198 495 1257 549 quae
1268 476 1339 532 dicta
1349 478 1405 532 sose
1416 490 1494 546 sunt;

147 546 237 626 μέτρῳ
251 543 278 603 δέ
293 545 390 616 ταύτην
402 546 528 605 ἐκτιθέναι
543 548 693 632 προείλετο,
922 578 1000 614 versu
1014 565 1103 615 autem
1114 562 1183 617 hene
1193 582 1326 635 exponere
1339 564 1472 631 decrerit,

146 639 184 710 τῷ
198 638 309 713 κωμικῷ
322 632 362 707 δὲ,
376 637 423 705 τῆς
437 634 566 716 σαφηνέας
579 634 667 715 χάριν,
921 664 1006 718 eoque
1017 650 1135 715 comico,
1150 651 1341 722 perspicuitatis
1358 654 1453 721 gratia,

98 742 130 781 σο
148 720 357 797 εὐμνημόνευτον
372 720 498 798 ἐσομένην
511 721 591 791 οὕτως
603 727 680 803 δρῶν.
921 732 996 787 facile
1007 736 1045 788 sic
1058 735 1187 790 haesurum
1199 735 1290 789 ridens
1301 740 1439 793 memoria.

146 810 188 870 Τὸ
201 810 224 867 δ’
238 807 326 885 ὅμοιον
341 806 435 867 {luder
450 810 557 877 εἰκάσας
569 812 599 869 έκ
609 818 655 870 τοῦ
669 812 738 891 βίου·
897 815 903 825 ’
921 822 1010 875 Simile
1023 841 1085 877 vero
1096 824 1222 895 quiddam
1234 836 1369 897 comparat
1382 845 1397 878 e
1410 828 1464 881 rita
1476 844 1592 882 sumens.

147 892 239 975 ὥσπερ
253 896 304 975 γάρ
319 895 343 953 εἶ
356 918 394 963 τις
406 896 546 955 ἀναλαόὼν
559 898 629 957 θελοι
642 900 728 979 φέρειν
921 909 1154 977 Quemadmodum
1166 912 1236 965 enim
1247 951 1254 976 ,
1266 913 1288 965 si
1298 913 1358 983 quis
1370 925 1518 985 suseeptam
1530 915 1591 969 velit
1605 916 1672 969 lene

147 984 232 1051 ξύλων
244 984 393 1059 λελυμένων
409 986 523 1061 πλῆθος,
538 986 584 1044 ούκ
599 985 630 1043 ἀν
642 989 755 1067 εὐχερῶς
921 996 1052 1067 lignorum
1065 1000 1213 1053 solutorum
1225 1002 1343 1072 copiam,
1356 1020 1411 1055 non
1422 1002 1496 1056 facile

146 1071 246 1129 τούτων
258 1070 407 1151 κρατήσαι,
421 1072 564 1149 δεδεμένων
580 1072 606 1132 δέ
620 1074 730 1155 ῥᾳδίως·
920 1104 962 1138 res
975 1089 1090 1154 cesserit,
1105 1088 1181 1158 ligata
1191 1099 1279 1143 autern
1292 1090 1364 1143 nullo
1375 1091 1464 1144 tulerit
1476 1094 1581 1162 negotio
1593 1110 1599 1144 ι

100 1181 132 1219 ιο
145 1160 215 1217 οὕτω
225 1158 371 1236 λελυμένην
384 1157 453 1227 λέξιν
467 1159 608 1219 θινοιλοιὸεῖν
620 1162 689 1241 ταχύ
920 1173 959 1225 sic
970 1174 1081 1228 solutam
1093 1176 1240 1229 orationem
1253 1177 1373 1247 excipere
1383 1177 1502 1231 celeriter

145 1248 194 1305 υῦκ
207 1245 280 1323 ἐστι,
295 1252 333 1327 τῷ
346 1246 433 1328 μέτρῳ
446 1246 472 1305 δέ
486 1250 709 1327 περιειλημμένην
920 1276 976 1312 non
989 1260 1065 1325 lieet,
1079 1272 1106 1315 et
1120 1279 1196 1315 versu
1208 1263 1423 1334 eomprehensam

146 1334 217 1393 ἐστιν
233 1344 376 1415 κατασχεῖν
391 1336 526 1402 εὐσκόποις
537 1336 582 1395 καί
594 1342 736 1406 πιστικῶς·
920 1346 981 1401 licet
993 1350 1107 1402 retinere
1118 1361 1177 1422 apte
1188 1334 1214 1404 et
1225 1350 1352 1417 fideliter;

146 1423 202 1501 ἔχει
211 1420 263 1501 γάρ
278 1422 467 1503 ἐπιτρέχουσαν
481 1425 506 1482 ἐν
520 1426 600 1503 ἑαυτῇ
612 1424 699 1505 χάριν,
921 1435 1000 1490 babet
1012 1439 1084 1491 enim
1096 1440 1272 1493 accessionem
1284 1442 1311 1493 in
1325 1458 1353 1494 se
1364 1444 1466 1511 gratiae,

146 1508 210 1575 ὅταν
222 1508 325 1589 ἱστορία
338 1510 383 1569 καί
394 1508 461 1578 λέίῑς
473 1510 600 1591 ippone
612 1514 707 1593 πλῑκῇ·
920 1525 1028 1594 quando
1042 1526 1151 1582 historie
1163 1539 1190 1582 et
1202 1528 1280 1599 ligata
1292 1531 1377 1583 oratio
1389 1541 1536 1584 nectantur.
1579 1557 1582 1562 ·

101 1616 132 1657 ιο
148 1598 241 1664 Κείνος
255 1596 303 1675 μέν
316 1588 361 1655 οὖν
375 1598 508 1677 κεφάλαια
522 1598 692 1678 συναθροίσας
705 1598 807 1679 χρόνων
920 1610 966 1664 llle
978 1613 1058 1681 igitur
1068 1616 1180 1686 capitae
1191 1634 1219 1668 se
1231 1615 1338 1669 oolleeta
1350 1627 1501 1688 temporum

146 1687 182 1751 εἰς
196 1685 324 1764 βασιλέως
340 1684 449 1743 ἀπέθετο
461 1685 620 1767 φιλαδέλφου
634 1684 731 1767 χάριν,
777 1676 784 1701 ⁵
921 1698 949 1749 in
961 1700 1028 1768 regis
1039 1700 1201 1774 Philadelphi
1213 1705 1323 1772 gratiam
1334 1706 1468 1774 reposuit;

148 1773 166 1830 ἀ
181 1772 227 1831 καὶ
239 1772 283 1832 θιά
294 1774 382 1843 πάσης
393 1772 481 1850 γέγονε
498 1776 543 1845 τῆς
555 1773 723 1852 οἰκουμένης,
920 1801 980 1854 quae
990 1785 1097 1856 quidem
1108 1806 1157 1859 per
1168 1799 1253 1842 totum
1267 1800 1408 1843 manarunt
1421 1790 1513 1844 orbem

147 1861 276 1921 ἀθάνατον
290 1860 454 1939 ἀπονέμοντα
467 1860 542 1929 dolor
555 1861 672 1944 Ἀττάλῳ
920 1882 947 1924 et
959 1861 1134 1927 immorlalem
1146 1887 1273 1947 pararunt
1286 1876 1396 1947 gloriam
1408 1878 1512 1944 Attalo,

148 1952 194 2019 τῆς
207 1950 391 2029 πραγματείας
402 1948 549 2030 ἐπιγραφὴν
564 1952 691 2031 εἰληφότι.
921 1962 1008 2032 operis
1020 1962 1076 2031 ejus
1090 1963 1288 2035 inscriptionem
1301 1976 1388 2018 nacto.

103 2058 135 2096 so
149 2035 223 2114 Ἐγὼ
238 2038 260 2094 δ’
278 2036 390 2113 ἀκούων,
404 2036 470 2095 διότι
481 2040 532 2095 τῶν
545 2042 590 2095 νῦν
606 2032 735 2116 βασιλέων
922 2049 979 2117 Ego
991 2065 1053 2100 vero
1067 2048 1177 2101 audiens
1192 2060 1218 2102 te
1229 2068 1261 2101 ex
1274 2049 1353 2120 hujus
1366 2052 1413 2103 aevi
1426 2052 1531 2121 regibus

149 2125 227 2199 μόνος
241 2123 379 2203 βασιλικὴν
392 2124 561 2204 χρηστότητα
573 2126 739 2207 προσφέρεις,
921 2135 1006 2187 solum
1019 2137 1118 2203 regiam
1130 2135 1268 2189 ostendere
1280 2136 1485 2206 benignitatem,

147 2216 240 2291 πεῖραν
255 2212 396 2289 ἐπεθύμησ“
410 2212 486 2279 αὐτὸς
498 2212 541 2271 ἔπ’
555 2216 669 2290 ἐμαυτοῦ
684 2214 775 2273 λοόείν
920 2221 1067 2292 periculum
1081 2222 1167 2293 cupiri
1180 2224 1235 2293 ipse
1247 2240 1294 2293 per
1306 2241 1348 2275 me
1360 2223 1453 2288 lacere,

146 2301 194 2359 καί
207 2300 398 2380 παραγενέσθαι
411 2300 456 2359 καί
471 2299 496 2359 τί
512 2300 633 2380 βασιλεύς
647 2302 699 2361 ἔστ’
713 2304 787 2377 ίδείν,
921 2320 947 2361 et
959 2309 1063 2372 adesse,
1077 2310 1179 2380 etquid
1192 2311 1226 2363 sit
1237 2329 1283 2362 rex
1295 2308 1399 2375 videre,

146 2388 180 2446 lr'
197 2388 273 2455 αὖτὀς
287 2388 382 2467 έτέροις
394 2388 473 2447 πάλιν
487 2390 661 2467 ἀπαγγέλλειν
674 2390 737 2470 ἔχω.
922 2405 952 2448 ut
964 2397 1019 2467 ipse
1033 2396 1089 2448 aliis
1102 2414 1193 2449 rursus
1205 2399 1327 2450 nuntiare
1339 2400 1447 2469 possim.

102 2498 133 2537 σο
148 2476 196 2537 tle
208 2480 241 2554 τῇ
255 2476 374 2557 προθέσει
386 2476 536 2554 σύμθουλον
550 2476 705 2554 ἐξελεξάμην
922 2485 1064 2555 Propterea
1076 2495 1163 2555 coepto
1175 2502 1235 2537 meo
1249 2485 1427 2538 consiliarium
1442 2485 1505 2555 elegi

146 2567 192 2625 τὸν
207 2562 459 2644 συγκατορθώσαντα
473 2566 518 2624 καί
531 2570 569 2647 τῷ
584 2570 622 2646 σῷ
634 2568 715 2647 πατρί
922 2590 984 2625 eum
996 2575 1043 2644 qui
1059 2572 1167 2625 feliciter
1178 2575 1256 2626 etiam
1268 2576 1336 2645 patri
1350 2584 1397 2627 tuo

146 2653 181 2711 τὰ
195 2657 242 2725 τῆς
255 2652 389 2731 βασιλείας
402 2654 537 2733 πρότερον,
552 2658 587 2720 ὡς
600 2654 737 2730 ἀκούομεν,
922 2679 1032 2729 rognum
1044 2662 1179 2714 constituit
1190 2662 1270 2727 olim,
1284 2674 1313 2716 ut
1324 2663 1459 2728 eudimus,

147 2739 223 2819 παρίι
237 2738 277 2799 σοί
292 2763 337 2813 τε,
353 2743 477 2819 βασιλεῦ,
489 2742 599 2819 γνησίως
611 2742 757 2817 τιμώμενον
922 2751 1022 2821 quique
1035 2750 1106 2821 apud
1121 2760 1161 2815 te,
1177 2769 1234 2816 rex,
1251 2770 1311 2804 vere
1324 2752 1470 2805 bonoratur

146 2828 217 2888 κοιτίι
230 2828 332 2901 πάντα,
347 2827 391 2886 τὸν
406 2828 557 2889 Ἀπόλλωνα
571 2830 615 2889 τὸν
626 2833 730 2909 Διδυμῆ
742 2832 828 2911 λέγοι,
922 2855 969 2908 per
980 2838 1079 2902 omnia,
1095 2837 1243 2909 Apollinem
1258 2838 1319 2892 dieo
1333 2838 1514 2912 Didymeum,

102 2943 132 2980 ου
147 2921 191 2979 τὸν
206 2920 251 2978 καί
265 2919 450 2994 θεμιστεύοντα
462 2919 507 2978 καί
521 2921 696 3002 μουσηγέτην.
922 2929 969 2997 qui
981 2938 1008 2980 et
1020 2938 1090 2980 vates
1101 2929 1179 2980 simul
1191 2939 1217 2981 et
1227 2931 1364 2982 Musarum
1376 2948 1470 3001 preses
1481 2942 1530 2984 eet.

144 3000 188 3068 Ού
202 3007 234 3078 δὴ
246 3007 338 3087 σχεδὸν
351 3007 466 3084 μάλιστα
478 3010 523 3067 καί
535 3011 705 3086 πεπεισμένος
923 3016 983 3068 Ηοσ
997 3016 1076 3084 igitur
1088 3017 1202 3068 maxime
1215 3016 1269 3068 lere
1276 3015 1332 3086 jam
1343 3035 1497 3087 persuasus,

145 3095 211 3175 πρὸς
224 3093 272 3166 σὴν
286 3095 355 3154 κατά
369 3094 446 3173 λόγον
459 3087 513 3166 ἦκα
527 3095 632 3174 (κοινὴν
644 3097 694 3178 γάρ
706 3100 799 3178 σχεδόν
922 3101 956 3154 ad
968 3112 1041 3154 tuam
1055 3103 1148 3172 utique
1159 3103 1251 3165 venio,
1267 3119 1346 3172 quam
1358 3119 1527 3156 communem
1539 3103 1592 3157 sere

144 3191 198 3250 τοῖς
211 3185 398 3261 φιλομαθοῦσιν
411 3183 593 3264 ἀναδέδειχας)
610 3186 716 3244 ἑστίαν·
923 3187 1058 3240 literarum
1070 3187 1194 3240 studiosis
1205 3177 1356 3255 designasti,
1372 3187 1493 3241 domum.

145 3269 203 3336 θεὸς
213 3271 240 3327 δὲ
253 3269 474 3352 συνεφάψτιτοτῇ
489 3269 649 3351 προαιρέσει.
923 3277 995 3327 Deus
1009 3285 1097 3328 autern
1111 3285 1225 3345 ooeptum
1238 3291 1327 3326 meum
1341 3272 1463 3342 adjuvet!

103 3381 132 3418 σε
146 3359 199 3419 Ἐκ
210 3362 262 3417 τῶν
277 3358 410 3436 σποράδην
426 3357 478 3439 γὰρ
492 3361 679 3439 ἱστορουμένων
693 3361 758 3420 τισίν
927 3362 1057 3431 Espmls
1068 3362 1139 3413 enlm
1151 3360 1330 3431 cOmPlurlssm
1346 3359 1462 3412 hl⁵l⁰fll⁵

146 3451 174 3505 ἐν
187 3449 301 3526 ἐπιτομῇ
314 3469 353 3505 σοι
367 3447 485 3528 γέγραφα
499 3445 545 3515 τδις
558 3449 678 3515 ἀποικίας
924 3451 951 3500 in
963 3449 1077 3519 epitome
1089 3449 1136 3501 tibi
1151 3449 1242 3519 scripsi
1254 3447 1370 3501 colonias

146 3533 245 3602 κτίσεις
260 3557 288 3593 τε
303 3534 422 3612 πόλεων,Ι
430 3539 476 3606 τῆς
490 3531 553 3608 ὅλης
566 3559 594 3594 τε
607 3541 653 3614 γῆς
668 3539 763 3617 σχεδόν
924 3541 1090 3608 originesque
1102 3531 1224 3602 urbium,
1238 3548 1265 3590 et
1275 3539 1355 3590 totius
1367 3537 1420 3591 sere
1432 3548 1507 3591 terrae

146 3621 188 3681 δυ’
200 3623 257 3682 ἐστὶ
270 3621 363 3680 πλωτά
375 3623 420 3681 καί
437 3622 552 3702 πορευτθ
567 3627 618 3682 τῶν
633 3626 729 3686 τόπων.
924 3645 1089 3698 quoscunque
1100 3630 1160 3680 nari
1172 3636 1198 3679 et
1212 3627 1299 3680 itineri
1310 3637 1401 3699 patent
1412 3626 1479 3680 loca.

147 3710 256 3771 Τούτων
272 3711 294 3768 δ’
308 3710 357 3769 ὅσα
370 3710 417 3787 μέν
432 3709 536 3788 εύσημά
551 3715 573 3770 τ’
587 3713 643 3772 ἔστί
658 3714 702 3773 καί
716 3719 787 3795 σαφῗι
924 3716 1027 3767 Horum
1041 3724 1128 3766 autem
1139 3731 1198 3784 quae
1209 3712 1277 3767 clara
1288 3724 1352 3766 sunt
1362 3725 1389 3767 et
1399 3725 1478 3780 nota,

105 3822 133 3860 7ο
148 3800 192 3856 ἐπὶ
203 3798 347 3879 κεφαλαίου
360 3797 494 3875 συντεμὼν
509 3799 669 3878 ἐκθήσομαι,
924 3803 1076 3854 summatim
1090 3801 1248 3854 contrahens
1259 3820 1389 3873 exponam
1397 3823 1406 3868 ;

146 3887 196 3945 ὅσα
208 3889 231 3945 δ’
246 3887 315 3946 ἐστίν
328 3889 414 3944 αὐτῶν
428 3891 458 3946 ού
473 3891 561 3968 σαφῶς
574 3890 740 3967 ἐγνωσμένα,
924 3907 983 3971 quit
996 3908 1058 3942 θεοῦ
1069 3901 1132 3942 sunl
1144 3908 1198 3942 Ποῦ
1213 3890 1351 3954 massllesle
1362 3894 1482 3962 fflssssllar
1535 3962 1540 3970 ⁴

147 3977 161 4032 θ
173 3974 242 4032 κατὰ
255 3975 332 4054 μέρος
343 3975 416 4032 ταῦτ’
429 3972 599 4054 ἐξακριόώσει
611 3975 705 4054 λόγος,
924 3978 1087 4047 particularis
1098 3979 1154 4030 brec
1166 3977 1315 4049 explanabit
1327 3996 1414 4032 sermo
1431 3999 1437 4033 :

147 4061 230 4135 ὥστε,
245 4064 372 4142 βασιλεῦ,
386 4061 429 4120 τὸν
441 4062 528 4121 πάντα
541 4067 586 4133 τῆς
599 4063 751 4141 οἰκουμένης
924 4064 991 4117 odeo
1006 4075 1034 4117 ut
1048 4065 1139 4128 totius,
1153 4083 1214 4128 rex,
1230 4065 1301 4116 orbis
1316 4075 1445 4117 terrarum

146 4149 216 4228 ἐχειν
231 4173 262 4208 σε
272 4150 441 4230 περιορισμὸν
454 4151 669 4228 ἐπιτετμημένον,
925 4151 1020 4210 lubeas
1031 4151 1234 4221 descrlpllOnem
1248 4150 1405 4214 brevium,

11 4263 12 4266 ¹
104 4260 132 4298 τε
147 4241 273 4314 ποταμῶν
287 4259 316 4295 τε
329 4238 451 4316 μεγάλων
463 4238 594 4311 ἰδιότητας
608 4238 653 4297 καί
667 4237 764 4318 ῥύσεις,
925 4238 1066 4290 lluminurn
1078 4254 1233 4304 magnorum
1245 4237 1417 4306 proprietates
1428 4246 1455 4288 et
1464 4255 1556 4289 cursus
1564 4277 1573 4302 ,

770 4374 860 4380 ...---
873 4372 1031 4382 ——ae-4-—2

93 4437 228 4503 llleinelte3
245 4439 329 4510 possis
346 4439 424 4490 etiam
436 4439 550 4509 φυγάδων
568 4435 706 4508 στρατέίαςς
722 4455 881 4509 quamquem
927 4437 954 4488 io
967 4435 1029 4488 sede
1036 4437 1091 4505 pori
1102 4436 1236 4497 vitaretur,
1250 4433 1398 4506 κατὰλόγον
1408 4436 1462 4501 ἥκω
1471 4435 1529 4506 πρδς
1540 4436 1576 4492 σέ,
1590 4439 1624 4490 tr
1633 4439 1713 4493 verba

92 4537 183 4570 carere
197 4517 321 4570 omnibus
335 4518 375 4570 bis
386 4527 500 4588 prostat.
516 4549 552 4558 -
569 4519 579 4587 ΙΙ
595 4521 638 4579 [ιθ.
653 4517 730 4590 πλέκῃ
742 4516 815 4581 eod.;
828 4535 880 4568 em.
928 4513 987 4584 πρὸς
1008 4511 1034 4565 σὲ
1048 4512 1212 4565 hauddubie
1229 4531 1262 4565 eo
1275 4512 1343 4577 loeo,
1359 4513 1405 4565 ubi
1428 4515 1455 4565 in
1469 4512 1561 4565 codice
1579 4513 1711 4584 leguntur,

93 4597 176 4650 Μαίη.
190 4598 201 4666 ΙΙ
210 4596 297 4659 -45.
305 4595 398 4658 ἐκεῖνος
404 4595 501 4662 συείοις
513 4615 566 4650 em.
574 4597 654 4649 Mein.
669 4599 678 4665 ll
689 4627 724 4636 -
734 4599 778 4658 48.
790 4595 883 4666 ’θτάλῳ
927 4592 1100 4662 relinquenda
1108 4603 1180 4645 sunt.
1191 4595 1293 4644 Vereor
1304 4609 1338 4645 ne
1347 4593 1433 4645 verbis
1446 4591 1508 4645 κατὰ
1520 4592 1608 4662 λόγον,
1615 4592 1714 4663 jejunis

93 4675 161 4728 cod.'
172 4677 182 4744 ll
199 4705 236 4714 -
249 4675 291 4728 50.
306 4680 356 4727 τῶν
373 4673 415 4745 μὲν
431 4675 485 4744 βασ.
507 4674 580 4739 eod.;
593 4692 644 4726 em.
661 4676 743 4727 Mein.
759 4676 769 4742 ll
784 4703 819 4713 -
839 4675 881 4725 θι.
928 4691 990 4725 sone
1004 4672 1062 4736 illis,
1078 4673 1201 4724 inhaereat
1210 4671 1315 4725 menda.
1336 4673 1455 4725 Fortasse
1467 4681 1523 4725 erat
1533 4671 1592 4743 πρὸς
1607 4673 1633 4725 ol
1651 4675 1714 4727 κατὰ

94 4754 222 4824 προσφέρει
233 4751 369 4816 cod.,·ern.
380 4751 584 4822 vindingus-
597 4753 607 4821 ll
622 4753 664 4816 54.
676 4755 705 4819 ἣν
716 4751 796 4814 αὐτὸς,
807 4751 879 4814 eod.;
926 4751 1014 4822 λόγιον
1028 4746 1086 4818 ἧκα.
1105 4756 1144 4805 De
1156 4770 1181 4805 r.
1195 4752 1317 4805 πείθεσθαι
1331 4753 1445 4820 genitivo
1462 4751 1555 4821 juncto
1566 4753 1714 4807 Meineltius

11 4861 14 4876 ι
94 4829 881 4902 σοι.Μοι·ο11υο.11-56.συνκατορθ.σοεί.Ιγ-ὂρΑιδθμῃ
927 4829 1295 4901 ‹ronlerrijubetHerotlotL
1313 4830 1713 4902 126.1demmonetpertectum

95 4911 167 4976 eod.;
178 4929 232 4964 em.
247 4911 325 4962 Voss,
340 4910 351 4978 ΙΙ
363 4939 399 4949 -
408 4915 451 4962 62.
465 4911 524 4981 πρὸς
534 4909 560 4962 σὲ
572 4911 582 4976 (
592 4911 638 4974 sic,
648 4929 701 4963 non
713 4929 776 4962 vero
785 4909 883 4980 absque
928 4905 992 4976 ἧκα,
1006 4909 1105 4981 dequo
1118 4929 1144 4963 ν.
1164 4908 1279 4963 lobeclr.
1293 4908 1326 4960 ad
1341 4909 1441 4980 Plrryn.
1456 4929 1484 4980 p.
1501 4915 1563 4979 741,
1576 4929 1590 4962 a
1608 4913 1714 4980 Scymni

96 4989 484 5060 aeoentu,ut11etronniusait)
495 4989 557 5043 κατίι
567 4989 644 5060 λόγον
654 4989 707 5056 ἥκω
717 4988 800 5042 codex
810 5009 817 5048 t
829 5007 882 5043 em.
928 5007 979 5042 usu
990 5008 1044 5042 non
1057 4992 1138 5058 megis
1156 4989 1269 5041 alienum
1284 4987 1367 5040 rideri
1385 4989 1491 5056 debere,
1503 5007 1582 5059 quam
1602 4990 1713 5042 sormam

98 5071 226 5124 Meinelte.
246 5070 350 5123 Priores
363 5067 476 5122 editores
490 5079 576 5122 metro
596 5069 783 5122 consuluerunt
800 5079 883 5123 trans·
929 5068 1114 5122 liellenisticam
1134 5067 1252 5138 ἔσχοσαν,
1268 5086 1319 5138 qua
1331 5086 1394 5121 usus
1412 5071 1445 5122 sit
1456 5087 1483 5122 ν.
1504 5070 1566 5138 695.
1585 5069 1595 5136 ΙΙ
1615 5099 1651 5108 -
1668 5072 1712 5123 θ’δι

98 5147 222 5219 ponendo
241 5147 321 5200 rerba
338 5148 448 5200 huncio
461 5147 590 5202 modurn:
609 5148 671 5200 κατὰ
685 5148 763 5218 λόγον
778 5148 836 5220 πρὸς
857 5149 883 5203 σὲ
928 5147 1012 5200 εστίαν
1021 5148 1080 5201 cod.
1095 5150 1106 5216 ΙΙ
1119 5179 1154 5187 -
1163 5152 1205 5210 64.
1218 5148 1377 5219 συναιφάψετο
1386 5149 1447 5202 cod.
1463 5151 1474 5219 ΙΙ
1485 5147 1574 5200 -65,
1583 5150 1654 5218 τῇτῇ
1666 5163 1715 5219 pro

99 5228 161 5296 ipo·
179 5224 264 5294 κοινὴν
277 5225 357 5298 γὰρ...
375 5225 531 5297 ἀναθέόειχας
550 5225 631 5278 ἑστίαν
645 5226 700 5291 vel,
713 5238 742 5280 ut
751 5227 883 5298 spondeus
928 5228 989 5279 τισίν
1002 5226 1062 5280 cod.
