3775 5750
460 340 752 401 raotuoostutts
775 340 824 400 DE
845 322 1151 401 AGATllAllClllDli
1172 338 1313 400 cutum.
1643 362 1679 403 nv

76 480 242 539 coronidem
258 502 265 536 ε
282 477 362 537 ’atta
384 478 436 558 γὰρ
449 484 464 537 t
478 478 526 556 μὲν
538 479 605 560 ἀνὴρ
619 484 752 552 τοωῦτος,
771 478 817 539 καὶ
830 478 860 537 τὸ
903 476 1021 536 Accedit
1041 480 1120 555 quod
1141 478 1231 537 rerba
1247 498 1254 537 :
1271 476 1445 558 πρεσὸύτερος
1458 476 1494 535 ῶν
1517 478 1561 536 καὶ
1580 482 1683 539 πολλῶν

74 576 123 632 ἀπὸ
139 579 187 645 τῆς
204 576 393 654 γραμματικῆς
415 573 483 653 ἔχων
500 573 588 641 κλίυς·
613 576 636 633 rl
649 574 677 632 δὲ
700 573 747 632 καὶ
764 572 795 632 τὸ
814 576 860 644 τῆς
900 572 1021 653 ίμπιιρος
1041 578 1151 650 γεγονὼς
1177 574 1341 651 πραγμάτων
1365 574 1472 632 eximie
1492 576 1634 651 quadrant
1652 578 1682 637 in

77 674 212 748 ρητορικῒης
234 668 373 745 ἕπιίινυμον
392 670 464 747 αὐτῷ
480 674 499 741 ή
518 667 556 745 μή
573 668 691 749 νήφουσα
711 672 797 747 ψῆφος
812 670 861 729 οὐκ
899 668 1047 741 Nostrum,
1063 689 1148 747 quem
1158 684 1302 748 provectae
1314 684 1373 728 turn
1391 672 1483 729 aetatis
1496 671 1585 731 luisse
1598 674 1684 731 disci-

75 764 193 835 ίπέθετσ,
217 762 288 822 ἀλλὰ
309 761 465 843 γλρίμοιγε
487 764 560 822 δοκεῖ
580 763 654 822 etth
675 762 782 823 ίλαττυν
807 766 858 823 τίεν
900 766 1040 841 musex§
1058 786 1122 836 rro,
1136 764 1244 823 ubisic
1262 786 1269 821 2
1285 754 1442 841 Τὰμὲνοῦν
1456 765 1521 843 ὑπίρ
1538 769 1589 823 τῶν
1605 768 1683 825 ἐθνῶν

76 862 268 939 γραμματικῶν
293 862 323 918 oi
338 858 486 940 δεύτερυςή
503 863 556 919 τῶν
570 858 695 941 ρητόρων,
719 858 753 919 δι’
765 850 802 918 lh
813 860 860 919 καί
899 857 1120 935 τῶνίκκιιμίνων
1142 856 1206 935 πρὸς
1226 856 1452 938 μεσημὸρίαν,ὡς
1468 850 1551 940 ἧνίρ’
1569 865 1643 937 ἡμῖν,
1657 864 1682 919 ἐν

75 955 164 1033 γράφει
174 954 224 1012 καὶ
237 953 372 1031 διδάσκει,
381 954 596 1033 καταφαίνεσθαι.
612 954 656 1013 Ad
677 954 786 1031 linguae
797 954 859 1013 ele·
899 952 976 1013 πίντε
995 952 1104 1030 βιὸλίοις
1118 955 1247 1030 ίιτιμελῶς
1262 954 1452 1033 ἱστορήκαμεν
1469 954 1533 1035 ὑπὲρ
1555 956 1582 1015 li
1595 960 1646 1015 τῶν
1657 960 1682 1015 ἐν

77 1053 200 1127 gantiam
209 1064 239 1108 et
249 1056 359 1109 variam
373 1053 432 1111 viri
446 1052 610 1110 doctrinam
623 1051 780 1111 accedebat
795 1072 858 1110 πιο·
898 1052 937 1128 τῷ
948 1048 1057 1127 πελάγει
1069 1050 1154 1121 νήσων
1166 1050 1271 1130 ὕστερον
1283 1052 1494 1131 τεθεωρημίνων,
1505 1052 1549 1111 καί
1564 1056 1615 1111 τῶν
1626 1052 1683 1124 ἑξῆς

78 1167 137 1203 rum
151 1145 289 1225 probitas
299 1159 329 1205 et
351 1147 478 1229 potentis
494 1148 612 1224 patroni
630 1145 857 1207 commendatio.
900 1148 991 1221 ἐθνῶν,
1017 1146 1062 1205 καί
1084 1148 1136 1205 τῶν
1157 1146 1259 1205 εὐωδῶν
1283 1144 1333 1204 ὅσα
1358 1145 1443 1227 φίρειν
1472 1146 1611 1225 συμβαίνει
1636 1148 1683 1219 τὴν

77 1240 148 1298 llihil
164 1242 277 1299 mirum
294 1240 386 1317 igitur
404 1242 560 1317 contigisse
572 1242 616 1312 ei,
636 1253 668 1298 ut
686 1242 760 1317 regii
773 1242 859 1319 pueri
899 1242 1083 1320 Τρωγλοδῦτιν
1108 1238 1207 1320 χώραν,
1232 1242 1307 1316 ἡμεῖς
1325 1238 1373 1317 μὲν
1395 1242 1621 1321 παραιτησάμενοι
1636 1242 1683 1313 τὴν

77 1337 212 1410 uragister
224 1337 392 1413 eligeretur,
408 1338 493 1415 eique
505 1357 625 1412 regnum
636 1337 741 1415 adepto
758 1338 857 1397 consi-
899 1333 1020 1411 ίξῆγησῑν
1042 1334 1122 1415 dplqv
1135 1332 1358 1411 ίπθλῑλῠίπαμῑνν
1382 1332 1439 1393 ⁰5²¹
1458 1335 1502 1393 τὸν
1516 1335 1556 1393 πί
1560 1361 1573 1393 ν
1583 1360 1613 1395 ον
1627 1340 1683 1405 τῆς

76 1432 175 1492 liuius
185 1446 218 1491 et
230 1445 313 1494 tutor
325 1433 486 1493 adsisteret.
499 1432 563 1494 lloc
577 1434 656 1495 enim
667 1454 787 1495 munere
797 1436 859 1497 lun·
897 1430 1037 1503 ἡλικίαι
1058 1427 1181 1505 ὁμοίως
1200 1429 1379 1509 trcq'lprrv
1404 1430 1599 1507 δυναμένης,
1619 1436 1683 1490 πολ·

76 1542 146 1585 ιωιο
157 1547 234 1597 esse,
245 1548 308 1605 quo
321 1541 451 1606 tempore
460 1548 548 1587 senex
556 1528 725 1609 jam-libros
735 1528 772 1587 de
784 1530 858 1588 mari
899 1530 952 1587 λῶν
965 1528 1026 1603 ὑμῖν
1039 1526 1105 1606 ὑπίρ
1120 1548 1148 1583 τε
1161 1529 1207 1597 τῆς
1218 1524 1349 1604 Εὐρώπης
1361 1526 1406 1585 καλ
1420 1530 1466 1597 τῆς
1481 1527 1567 1593 Ἄσίας
1581 1528 1682 1606 ἀναγι-

49 1667 52 1670 .
76 1622 170 1680 llnbro
178 1623 315 1699 scripsit,
323 1622 565 1709 ipsenosedocet.
573 1623 717 1683 Nimirum
725 1624 855 1702 complu·
901 1622 1070 1703 γραμμίνων,
1083 1618 1141 1681 οὗτε
1153 1621 1204 1679 τῶν
1214 1620 1412 1699 ὑπομνημάτων
1422 1620 1465 1679 διὰ
1474 1621 1520 1687 τὰς
1529 1622 1588 1679 κατ’
1600 1622 1682 1700 λίγα·
1763 1613 1775 1635 l

75 1736 117 1774 res
133 1720 165 1774 in
179 1716 335 1794 Excerptis
349 1718 385 1793 (S
401 1718 485 1775 1148
507 1739 536 1795 p.
558 1739 611 1789 ¹¹7
631 1716 696 1795 sq.)
721 1718 858 1793 leguntur·
900 1737 965 1774 πτον
977 1714 1135 1783 ἀποστάσεις
1154 1714 1252 1795 ακριὸῆ
1268 1714 1463 1791 παραδιδόντων
1475 1712 1578 1795 σκέψιν.
1590 1718 1682 1775 Simul

74 1808 239 1888 παραινέσεις
260 1811 297 1869 ad
318 1830 414 1887 regem
431 1810 588 1887 juvenem,
604 1814 681 1870 inter
702 1832 775 1889 quas
795 1816 856 1871 haec
901 1810 1128 1871 haecostendunt
1141 1813 1239 1871 virum
1253 1810 1340 1871 rebus
1354 1811 1481 1889 publicis
1494 1827 1683 1891 occupatum,

75 1907 157 1965 hahes
166 1908 379 1967 dissertissima
392 1908 429 1985 (S
446 1909 497 1985 ιγ)
512 1931 518 1965 ;
535 1908 608 1987 Ἐγὼ
622 1908 647 1966 δ’
656 1908 699 1989 ἀφ’
712 1900 743 1981 ής
757 1910 857 1989 ἡμέρας
901 1910 1012 1987 quippe
1025 1911 1076 1987 qui
1089 1909 1128 1967 ob
1143 1910 1319 1980 delectiones
1331 1908 1484 1988 AEgyptum
1497 1922 1556 1968 tum
1568 1924 1685 1987 pertur-

74 2002 162 2081 ήτίτγη
176 2026 213 2079 με
223 2003 387 2073 κατέστησεν
399 2000 537 2083 ἐπίτροπον
551 2004 733 2079 τοῦσώματος
743 2008 789 2063 τοῦ
801 2010 858 2077 σοῦ,
900 2002 1002 2064 bantes
1014 2006 1175 2081 majoribus
1189 2006 1398 2065 distraheretur
1412 2008 1535 2083 negotiis
1551 2026 1637 2083 quam
1653 2021 1684 2064 ut

74 2100 127 2155 νέον
146 2101 286 2165 παντελῶς
308 2098 396 2170 ὄντας,
417 2099 461 2157 καί
484 2103 532 2169 τῆς
551 2098 612 2173 ὅλης
634 2099 785 2179 βασιλείας,
809 2102 857 2159 ἀπ’
901 2100 933 2158 in
948 2102 1163 2159 recentissimos
1183 2101 1383 2175 navigatorum
1399 2102 1624 2185 commentarios
1638 2102 1684 2159 in-

75 2196 170 2266 ἐκιίνης
184 2194 261 2263 εὐθὺς
280 2194 365 2274 μίγαν
384 2197 491 2275 ἐμαυτῷ
504 2196 582 2254 τόνον
605 2196 745 2275 initiales.
788 2198 857 2257 Τίνα
900 2196 1019 2271 quirem
1038 2210 1134 2273 posset
1146 2194 1188 2272 γ’).
1216 2195 1326 2265 Quodsi
1351 2194 1528 2254 Niebuhrius
1561 2198 1682 2255 miratur

74 2297 177 2368 τοῦτον,
193 2296 247 2357 τοῖς
263 2292 329 2372 πρὸς
342 2292 437 2363 ἡδονὴν
454 2294 589 2369 ὁμιλοῦσιν
608 2296 787 2353 ίναντιοῦσθαι
812 2294 858 2351 καλ
900 2302 1007 2349 tantam
1015 2290 1392 2367 numerisdignitatemviro
1400 2291 1521 2349 delatam
1528 2312 1590 2351 esse
1598 2312 1683 2371 quem

74 2386 263 2467 δυσχεραίνειν,
278 2392 325 2446 σοῦ
339 2390 443 2466 πρῶτον
452 2390 532 2447 αὐτοῦ
543 2389 755 2467 περιαιρούμενος
770 2388 857 2459 ola-lv
900 2386 1024 2447 Photius
1040 2397 1258 2463 grammaticum
1277 2402 1373 2463 vocat,
1392 2408 1446 2463 ego
1463 2408 1522 2447 non
1538 2392 1684 2468 perspicio

74 2482 198 2555 ἐξουσίαν,
213 2482 284 2543 ἀλλὰ
299 2484 347 2553 τήν
364 2484 479 2561 ἄγνοιαν,
489 2482 532 2542 ίνα
546 2487 598 2543 τῶν
607 2482 738 2543 τσσοιίτων
752 2488 857 2562 ἀγαθῶν
900 2503 953 2540 cur
987 2482 1212 2559 Agatharchides
1241 2482 1461 2559 grammaticus,
1491 2484 1684 2563 philosophus

74 2582 171 2655 φρονῶν
197 2577 363 2657 ἀπολαύσῃς,
388 2578 427 2655 μὴ
448 2578 643 2659 διαμαρτάνων.
695 2582 783 2639 Τοῦτο
805 2576 859 2659 γὰρ
900 2579 1125 2656 peripateticus,
1140 2578 1314 2653 historicus,
1336 2580 1445 2653 aregio
1465 2579 1599 2637 ministro
1609 2600 1683 2637 enu-

75 2675 177 2743 ἐζήτουν
190 2676 290 2753 πατρὸς
303 2674 373 2754 lgm
386 2675 487 2735 εὔνοιαν
499 2676 595 2755 χρόνου
607 2676 814 2755 σεσχεζομίνην,
827 2678 857 2735 οὗ
900 2676 1001 2751 tritus,
1013 2676 1087 2734 alius
1097 2674 1223 2733 ministri
1234 2694 1288 2733 usu
1303 2673 1443 2735 formatus
1452 2672 1489 2731 ab
1500 2694 1593 2750 eoque
1607 2696 1683 2732 conr-

74 2770 182 2837 κολακος
196 2771 330 2850 εἰρωνείαν
348 2776 432 2851 καιρῷ
452 2775 673 2853 προσομιλαῧσαν.
715 2764 787 2833 (lide
805 2772 857 2851 γλρ
900 2770 1422 2847 mendatus,asummisdignitatihus
1430 2770 1572 2829 arcendus
1584 2772 1683 2843 luerit,

74 2864 247 2944 πρεσόὖτερος
260 2864 297 2925 ὧν
306 2867 352 2925 καί
360 2870 464 2927 πολλῶν
477 2867 601 2950 ίμττειρσς
609 2866 721 2948 γεγονὼς
729 2868 858 2948 πραγμεί·
899 2889 972 2946 quas
983 2868 1132 2929 eunuchos
1142 2883 1170 2928 et
1185 2866 1388 2947 abjectissimae
1400 2868 1578 2926 conditionis
1592 2869 1683 2926 homi·

74 2985 133 3040 των,
150 2965 196 3024 διὰ
208 2963 269 3031 τοὺς
282 2964 409 3024 θωπεύειν
434 2964 656 3040 ίπιὸεὸλημίνως
679 2963 739 3032 τοὺς
758 2967 787 3024 lv
800 2973 858 3034 ταῖς
900 2984 962 3036 nes,
976 2964 1100 3042 Euleos,
1113 2964 1243 3036 Lenaeos,
1256 2964 1436 3042 Agathocles,
1448 2965 1589 3036 Sosih'ios‚
1597 2967 1683 3036 alios,

75 3061 214 3139 ὑπεροχαῖς
226 3061 274 3119 καὶ
283 3058 331 3127 τίς
343 3060 469 3139 μεγίστας
479 3061 613 3140 βασιλείας
625 3063 707 3142 ἄρδην
721 3063 854 3142 ανηρημί-
898 3060 1062 3118 obtinuisse
1075 3073 1197 3120 constat.

74 3179 130 3228 νας,
142 3157 191 3228 τήν
208 3157 432 3238 armamenta
443 3157 618 3236 Λυσιμάχου,
632 3157 856 3238 τλνἏλεξιίνδρου
941 3175 990 3230 79.
1006 3155 1058 3214 Sin
1072 3174 1185 3232 quaeras
1197 3159 1314 3232 quinam
1329 3153 1416 3212 luerit
1430 3173 1481 3212 rex
1493 3155 1542 3212 ille
1553 3155 1683 3231 juvenis,

73 3253 232 3325 τηλικαύτην
245 3245 337 3326 οὖσαν,
349 3252 398 3325 τὴν
409 3253 520 3325 Μήδων,
531 3251 580 3324 τὴν
591 3250 697 3332 Σύρνον,
715 3251 763 3324 τὴν
784 3257 855 3332 Περ·
899 3249 1686 3328 pauttoditigenriusProtemaeorurnhisrortamlustran-

72 3351 134 3420 τῶν,
146 3347 295 3424 ὥστεμηδί
309 3347 785 3430 σπίρμακαταλελεῖφθειτσῦγίνους.
797 3350 857 3408 tnta
900 3347 921 3404 ti
937 3345 1047 3424 patebit
1067 3345 1193 3420 eligendi
1206 3357 1375 3422 potestatem
1398 3347 1516 3420 negari,
1541 3366 1634 3422 neque
1648 3347 1684 3404 de

72 3442 184 3520 ἀλόγως-
196 3441 318 3522 νίουγᾰρ
331 3441 419 3501 πολλὰ
436 3443 483 3519 μὲν
500 3444 652 3519 ἀγνοοῦντος
672 3441 715 3500 διὰ
734 3442 782 3513 τὴν
795 3445 856 3512 ήλι-
899 3440 1683 3519 aliocogitaripossenisidel'tolemaeonllSoterell,

71 3537 139 3614 κίον,
150 3535 343 3618 εὖλογανμίνου
354 3535 382 3596 δὲ
392 3536 435 3596 ἐπὶ
445 3540 497 3606 τοῖς
507 3537 696 3616 ἁμαρτήμασιν
706 3535 778 3594 ὠδὶν
786 3559 854 3616 σφα-
900 3537 963 3595 ίίΙίο
983 3537 1133 3596 Ptolemaei
1158 3535 1211 3594 Vll
1235 3535 1384 3612 Euergetis
1405 3535 1432 3594 ll
1454 3549 1483 3594 et
1506 3535 1684 3614 Cleopatrae,

70 3633 212 3713 λιριίιτερυν
225 3634 285 3693 soll
299 3634 530 3714 ἐπικινδυνότερον.
900 3633 989 3690 lratre
1001 3630 1112 3708 majore
1130 3631 1277 3690 Ptolemaei
1289 3629 1328 3687 lli
1347 3631 1504 3690 Alexandri
1517 3631 1540 3690 l.
1556 3631 1685 3690 lloriens

107 3731 157 3802 78.
168 3728 352 3788 Niebuhrins
360 3730 477 3807 quidem
484 3726 547 3808 (Ill.
561 3727 702 3802 Solensem
711 3727 775 3808 l,p.
788 3738 822 3799 [ηε
831 3731 856 3807 ι)
901 3727 1072 3788 l’tolemaeus
1085 3725 1137 3786 Vll
1148 3744 1270 3802 regnum
1289 3726 1409 3802 reliquit
1421 3725 1582 3804 Cleopatrae
1599 3729 1682 3786 uxori

71 3826 161 3885 rerba
175 3827 234 3883 ista
243 3825 280 3883 ad
292 3825 535 3902 Agatharchidem
546 3826 621 3885 nihil
637 3827 784 3904 pertinere
796 3847 857 3904 pu·-
899 3825 1033 3883 secundae
1045 3825 1054 3904 (
1066 3845 1131 3902 quae
1143 3826 1253 3902 prioris
1266 3826 1368 3882 uxoris
1381 3826 1541 3904 Cleopatrae
1556 3825 1684 3884 ePtole-

71 3923 154 3993 tavit,
165 3921 219 3981 sed
232 3941 271 3979 ex
285 3941 414 3998 persona
428 3922 506 3981 dicta
521 3941 585 3980 esse
600 3921 675 3981 alius
685 3921 855 3999 cujusdam,
900 3940 973 3977 maen
986 3919 1023 3979 Vl
1046 3933 1107 3978 erat
1131 3921 1210 3996 filia]
1228 3933 1256 3977 et
1276 3921 1357 3979 alteri
1376 3940 1411 3978 ex
1433 3923 1501 3980 filiis
1527 3941 1612 3998 quem
1634 3924 1684 3982 illa

70 4019 119 4090 qui
139 4030 221 4074 tutor
236 4017 324 4075 luserit
341 4017 491 4076 Ptolemaei
503 4017 675 4096 Epiphanis.
690 4024 729 4076 At
748 4020 856 4077 oratio-
900 4016 1017 4091 legisset
1041 4013 1167 4092 (Jrrstin.
1189 4015 1319 4086 lllllllll,
1337 4019 1382 4091 3).
1403 4017 1570 4096 Cleopatra,
1592 4019 1683 4077 Soteri

73 4131 122 4170 nes
142 4115 247 4190 quales
270 4115 299 4171 in
320 4113 471 4173 historicis
491 4116 608 4192 scriptis
630 4115 857 4189 Agatharchides
900 4113 1076 4188 filiomajori
1086 4113 1362 4182 insensa,minorcm
1373 4115 1567 4173 Alexandrum
1576 4117 1684 4190 eligere

71 4207 285 4286 interponebat,
295 4209 413 4268 amaris
425 4209 569 4286 Erythraei
581 4209 779 4288 descriptione
787 4211 857 4268 alie·
899 4209 1010 4279 voluit,
1026 4207 1076 4266 sed
1087 4206 1223 4284 apopnlo
1235 4207 1373 4284 majorem
1383 4227 1481 4268 creare
1494 4227 1594 4284 regem.
1605 4229 1683 4266 com·

73 4304 379 4376 naresserideantur;
397 4303 504 4362 deinde
519 4323 641 4362 veroex
655 4307 801 4382 prooemio
816 4306 855 4363 li·
898 4303 1030 4380 pellitur,
1047 4303 1099 4378 qui
1118 4301 1204 4358 initio
1223 4321 1368 4360 unacum
1393 4317 1495 4372 matre,
1514 4323 1581 4359 mox
1604 4304 1684 4362 solus

74 4395 117 4455 hri
131 4400 228 4475 quinti
240 4401 274 4476 (s
289 4421 322 4457 τι
338 4421 369 4478 p.
384 4401 491 4478 119,3a
504 4423 510 4457 :
523 4397 670 4479 Ἕκατίρου
683 4399 758 4458 δίσοι
768 4422 856 4478 προοι-
899 4415 1020 4472 regnum
1034 4395 1251 4454 administravit
1267 4399 1275 4473 (
1290 4417 1420 4469 1¹7·¹⁰7
1435 4397 1454 4474 l.
1471 4397 1585 4456 Natales
1604 4399 1684 4456 Sote-

76 4495 169 4566 σόμεθα
186 4496 391 4576 παραδείγματα
405 4497 504 4574 γίνους,
515 4495 592 4558 ἵνα...
615 4495 674 4562 τοὺς
687 4496 792 4573 ἄμεινον
812 4497 857 4555 καί
900 4495 942 4552 ris
955 4494 986 4551 iu
997 4491 1071 4551 illud
1081 4505 1194 4569 tempus
1206 4495 1351 4564 incidunt,
1363 4515 1422 4572 quo
1433 4495 1608 4555 Ptolemaeus
1617 4497 1682 4566 Vll,

78 4591 217 4651 τούναντίον
229 4591 350 4659 εἰπόντας
361 4591 404 4652 ἐπ’
417 4593 507 4659 αὐταῖς
519 4593 595 4672 εὖργγς
604 4591 660 4659 ταῖς
673 4591 854 4668 δοκιμασίαις)
900 4589 1052 4669 repudiata
1065 4609 1158 4649 uxore
1168 4591 1284 4669 priore,
1302 4591 1391 4648 filiam
1404 4589 1471 4668 ejus
1486 4591 1516 4650 vi
1527 4605 1683 4672 stupratam

80 4699 193 4763 apparet
202 4709 277 4767 opus
292 4703 425 4749 nostrum
443 4703 530 4749 certe
542 4690 656 4748 cuidam
667 4707 799 4766 personae
814 4688 858 4746 ei·
900 4689 930 4744 in
947 4687 1164 4746 matrimonium
1177 4699 1327 4763 rapuerat,
1343 4686 1532 4746 Alexandrini
1542 4702 1636 4748 autem
1650 4709 1684 4746 oo

81 4800 133 4856 que
152 4783 254 4860 juveni
276 4787 323 4845 vel
344 4807 438 4866 puero
462 4787 551 4846 fuisse
569 4787 760 4864 inscriptum
780 4784 858 4842 unde
900 4782 1010 4839 scelere
1021 4781 1139 4840 excitati
1152 4800 1246 4856 regern
1259 4779 1369 4840 dudum
1386 4783 1514 4842 invisum
1524 4785 1682 4863 ejecerunt,

82 4893 178 4951 sponte
188 4881 441 4960 qnisqueconjicit
449 4883 486 4942 ad
494 4883 757 4960 eundemjuvenem
770 4881 857 4939 etiam
900 4897 1080 4955 regnumque
1108 4877 1270 4956 Cleopatrae
1296 4880 1454 4956 repudiatae
1488 4882 1681 4939 tradiderunt

82 4977 237 5050 παραινέσεις
253 4981 325 5039 istas
344 4978 382 5038 ah
397 4979 498 5038 eodem
521 4979 611 5053 dirigi
633 4977 854 5054 Agatlmrohide.
900 4975 966 5044 Quo
980 4976 1052 5032 larto
1064 4975 1146 5044 ‚exul
1157 4973 1346 5052 Ptolemaeus,
1361 4977 1411 5034 irae
1425 4979 1583 5056 impotens,
1596 4979 1690 5054 hieru·-

111 5181 140 5237 Γ)
154 5185 233 5232 nacto
246 5198 296 5245 quo
309 5185 380 5246 preto
399 5185 544 5246 nroyacoiua
555 5187 585 5243 tt,
598 5197 621 5244 μ.
638 5187 681 5232 tst
696 5182 767 5232 recha
786 5185 823 5233 διὰ
836 5185 876 5238 τὰς
889 5179 940 5230 κατ’
954 5181 1069 5242 λὶγιτττον
1082 5179 1221 5236 ἀποστάσεις
1244 5183 1393 5244 interpretari
1411 5184 1512 5244 putruerit
1526 5204 1530 5234 :
1544 5197 1625 5248 ιινροιι
1638 5185 1684 5234 cler·

87 5246 238 5315 ἔνθενπερ
252 5253 336 5304 dieser
349 5252 478 5314 θεραπείαν
492 5265 539 5303 roo
551 5255 686 5315 AEoypteu.
1586 5255 1590 5263 '
