3775 5750
617 332 668 393 PE
687 332 859 393 SCYLACE
880 332 1166 397 caustuosass.
1641 364 1701 433 rm¹

79 492 249 551 &undum
262 490 483 550 Eratosthenem
497 504 526 548 et
539 491 695 568 Polybium
708 495 717 569 l
728 512 775 570 ap.
788 492 864 552 Plin.
910 514 940 571 p.
959 495 994 552 36
1009 495 1109 554 verbis
1124 520 1129 553 :
1144 494 1219 569 Αὕτη
1227 544 1234 573 ,
1249 500 1357 559 leucas
1368 520 1419 574 sc,
1436 503 1491 560 lori
1503 508 1548 562 νῦν
1557 510 1632 577 νῆσος
1649 508 1693 566 τὸν

78 587 114 659 v,
126 610 144 659 7
164 588 241 665 540)
255 586 292 645 ab
306 586 631 661 OceanoCarthaginem
640 602 708 644 sunt
724 608 798 644 rroo
808 588 869 645 mi·
911 588 1002 661 ἰσθμὸν
1012 592 1257 671 ἀποτεταφρευμένα
1271 594 1500 671 subjiciturnota
1511 602 1690 675 marginalis:

81 684 120 739 lia
138 702 219 760 pass.
233 682 324 758 (otoo
336 682 434 755 stad),
447 681 560 738 hincad
573 682 680 739 ostium
689 682 868 759 Canopicum
912 684 1026 765 Εὔριπος
1046 689 1184 766 Δείρυκευς
1198 694 1272 768 ἐντῷ
1287 694 1382 771 ἰσθμῷ.
1395 694 1488 753 Porro
1502 698 1518 772 5
1540 718 1592 770 ¹⁰7
1608 720 1638 777 p.
1655 703 1688 758 llr

85 781 223 838 rliall‘m.
245 780 353 854 (εδουή
374 778 478 854 stad.);
504 776 663 834 secundum
688 778 867 836 Artemidor.
911 800 1001 857 quum
1015 784 1107 840 codex
1123 785 1163 841 ita
1185 784 1287 843 habeat
1304 808 1310 843 ε
1327 786 1374 847 Ἐκ
1387 788 1503 856 Θώνιδος
1516 790 1543 849 δί
1562 795 1642 858 πλοῦς
1658 798 1694 860 εἷς

82 896 99 931 a
112 873 203 949 'fingi
229 874 266 932 od
281 874 431 949 Canopum
455 892 493 929 m.
510 872 587 946 3559
609 874 655 945 (st.
674 873 800 947 ussh9u);
819 872 869 929 sed
911 876 1003 953 Φάρου
1016 880 1094 946 νῆσον
1112 877 1209 956 ἔρημον
1227 878 1377 959 (εὐλίμενος
1390 884 1416 940 δὲ
1429 884 1473 941 καί
1493 884 1616 965 ἄνυδρος)
1631 890 1693 947 rsa-

82 988 187 1026 rereor
199 988 238 1025 ne
249 968 403 1042 legendum
413 968 451 1024 sit
461 988 468 1022 ε
480 971 540 1024 mil.
551 967 641 1041 3659,
650 966 789 1023 suadente
797 968 870 1041 Aga·
912 969 955 1026 δια
966 970 1013 1047 pr'.
1028 970 1076 1029 ’Er
1088 970 1116 1029 δί
1131 972 1220 1050 Φάρῳ
1239 972 1340 1047 λιμένες
1357 976 1458 1046 πολλοί,
1474 975 1543 1057 ὕδωρ
1562 978 1589 1035 δὲ
1603 982 1632 1037 la
1647 986 1694 1051 τῆς

83 1068 235 1137 themeno,
255 1066 309 1141 qui
331 1064 436 1121 Africae
465 1062 678 1137 longitudinem
703 1081 767 1120 esse
799 1062 871 1120 dicit
911 1064 1034 1142 Μαρείας
1051 1066 1144 1141 λίμνης
1162 1066 1335 1145 ὑδρεύονταιε
1357 1070 1468 1128 inclusa
1484 1072 1694 1150 irrepserunte

84 1164 180 1238 29252
193 1161 357 1220 stadiorum
370 1162 413 1236 (²
431 1160 544 1224 36567,
560 1159 621 1217 mil.
634 1160 656 1234 l.
671 1157 803 1217 lsidorus
816 1159 869 1215 Ar·
912 1161 1060 1235 margine,
1076 1162 1128 1220 ubi
1147 1175 1283 1241 tanquam
1299 1168 1459 1239 argumenti
1480 1167 1626 1228 indiculus
1640 1172 1693 1229 ad-

84 1258 223 1315 temidori
236 1274 402 1313 mensnram
414 1256 496 1313 auxit
509 1254 629 1312 milibus
639 1262 693 1325 ους
707 1253 871 1313 Marcianus
912 1255 1053 1333 scriptum
1068 1270 1130 1314 crat
1147 1279 1154 1313 :
1180 1258 1271 1335 Φάρος
1290 1262 1366 1329 νῆσος
1378 1258 1482 1339 ἔρημος,
1499 1262 1631 1337 εὐλίμενος
1650 1265 1693 1340 δὲ,

84 1357 103 1411 l.
118 1356 139 1413 l.
155 1367 294 1412 numerat
305 1354 397 1412 stadia
415 1355 522 1413 30280.
912 1349 957 1407 καὶ
970 1349 1086 1430 ἄνυδρος.
1097 1351 1151 1409 llis
1160 1352 1261 1429 adde§
1275 1355 1312 1409 26
1324 1374 1355 1431 p.
1369 1356 1417 1424 32,
1429 1354 1480 1413 ubi
1493 1355 1529 1413 de
1539 1359 1694 1435 Apollonia

121 1450 170 1523 57.
184 1450 336 1508 Hactenus
343 1449 382 1507 de
393 1450 596 1509 distantiarum
605 1451 758 1521 mensuris,
767 1451 871 1527 inqui·
912 1445 952 1501 ita
967 1444 1056 1503 habes
1078 1466 1084 1501 τ
1103 1445 1148 1504 καί
1173 1446 1290 1523 ποταμὸς
1309 1446 1376 1513 Αἴας
1393 1450 1524 1527 παραρρεῖ
1535 1450 1581 1521 τὴν
1606 1453 1696 1514 cohor:

83 1546 137 1604 lms
165 1559 230 1603 turn
254 1547 384 1604 auctoris
408 1547 603 1604 inconstantia
626 1566 643 1604 c
663 1549 770 1617 variis,
796 1566 871 1624 qnos
913 1539 1015 1600 hulst
1035 1541 1210 1609 Ἀπολλωνίας
1232 1545 1267 1610 είς
1285 1542 1426 1620 Ἁμανείαν
1449 1546 1504 1603 ἐστί
1530 1546 1623 1605 σεοίδια
1642 1552 1693 1610 ra'.

19 1686 23 1693 .
84 1642 233 1715 adhibuit,
257 1640 388 1701 lontibus
407 1642 578 1713 derivanda,
595 1656 654 1700 tum
680 1642 870 1701 librariorum
914 1633 1095 1714 (ΚαὶὸΑἷαε
1109 1635 1227 1713 ποταμὸς
1241 1637 1293 1694 ἀπὸ
1302 1642 1347 1696 τοῦ
1361 1638 1458 1697 Πίνδου
1469 1638 1543 1717 ὄρους
1556 1640 1630 1720 παρὰ
1646 1644 1695 1713 τὴν

83 1738 221 1795 socordia
245 1750 396 1815 apparent.
416 1737 531 1795 Similia
554 1737 762 1815 deprehendis,
788 1738 814 1796 si
834 1739 871 1796 ad
912 1730 1089 1791 Ἀπολλωνίαν
1102 1734 1257 1812 παραρρεῖ),
1271 1735 1301 1791 in
1312 1733 1420 1810 quibus
1434 1734 1555 1794 dubium
1573 1750 1616 1795 est
1625 1758 1694 1797 num

84 1838 204 1889 tocomm
217 1835 593 1892 recensendorumdelermm
615 1833 787 1906 attenderim
804 1856 870 1893 nam
913 1829 1026 1886 inclusa
1044 1833 1153 1887 variam
1174 1830 1326 1887 lectionem
1348 1830 1518 1903 exhibeant,
1544 1852 1581 1890 an
1595 1853 1632 1891 ex
1660 1856 1696 1893 eo

83 1926 131 1984 hic
146 1940 218 1985 nota
226 1929 335 2006 oppida
346 1929 618 2006 praeternrittuntur,
629 1929 692 1987 illic
704 1948 871 1988 memoran·
913 1936 976 1981 orla
995 1925 1054 1981 sint
1065 1923 1143 2000 quod
1155 1924 1191 1981 de
1207 1944 1293 1983 cursu
1303 1924 1413 1983 AEanlis
1427 1926 1509 1985 fluvii
1524 1928 1631 2004 aliquis
1643 1951 1695 1987 no·

83 2035 131 2078 mr
146 2022 278 2081 obscura
300 2043 353 2081 nec
368 2024 498 2107 ,aliunde
520 2028 650 2101 cognita;
673 2025 761 2083 modo
778 2027 870 2083 medi·
913 2022 1001 2077 lulum
1016 2020 1215 2096 adscripserit.
1230 2020 1371 2077 Preterea
1385 2022 1401 2095 5
1416 2042 1445 2092 a,
1459 2042 1487 2097 p.
1507 2024 1541 2081 16
1552 2038 1616 2099 post
1635 2025 1696 2083 lbe-

82 2130 233 2176 lerraneas
253 2117 341 2177 urbes
360 2120 433 2176 mari
454 2120 636 2197 propinquas
650 2132 751 2177 auctor
764 2122 871 2197 premit
913 2115 955 2171 t‘ls
977 2114 1059 2171 lluvil
1076 2115 1251 2172 mentionem
1273 2126 1435 2190 sequunlur
1454 2115 1514 2173 ittet·
1530 2136 1537 2174 ζ
1554 2117 1607 2175 litei
1621 2122 1695 2188 νῆσοι

83 2214 220 2284 silentio,
236 2212 325 2270 modo
343 2215 429 2289 longe
443 2211 480 2270 ab
492 2234 545 2271 ora
558 2226 683 2272 remotas
697 2215 728 2271 in
742 2216 870 2273 medium
913 2212 1023 2267 ίνεαῦθα
1034 2201 1237 2283 interciderit
1249 2210 1331 2285 ὄνομα
1348 2212 1368 2271 Γ
1370 2210 1473 2289 αίδειρα·
1483 2212 1580 2271 τούτοιν
1590 2220 1607 2284 i,
1617 2219 1695 2293 ’ἑτέρα

82 2308 205 2383 profert.
230 2306 279 2365 Sic
296 2306 505 2365 brevissimum
530 2309 661 2365 Arcadiae
686 2309 755 2367 litus
772 2310 870 2383 legens
911 2307 987 2363 πόλιν
1000 2306 1228 2397 ίχεεοέπίχουσαν
1250 2305 1348 2385 ἡμέρας
1362 2311 1444 2365 πλοῦν
1461 2308 1513 2365 ἀπὸ
1532 2307 1695 2389 Ἡρακλείων

83 2414 227 2459 memorat
246 2402 390 2476 Tegeam,
417 2402 611 2475 Mantineam,
636 2401 868 2475 Orchomenum,
911 2404 1026 2471 στηλῶν.
1044 2400 1147 2459 Eadem
1162 2402 1344 2460 veroiisdem
1358 2403 1416 2461 lere
1428 2402 1527 2461 verbis
1537 2404 1633 2463 denuo
1646 2406 1696 2463 le·-

82 2497 306 2574 Stymphalum‚
319 2509 348 2553 et
360 2495 393 2553 in
400 2494 553 2554 Thessalia
565 2496 745 2555 Pelinnaeum
758 2500 868 2571 lanum,
911 2511 1020 2572 guntur
1033 2500 1050 2572 5
1065 2519 1115 2555 εεε
1135 2518 1164 2575 p.
1185 2518 1224 2573 9⁰
1239 2499 1270 2557 in
1286 2497 1386 2574 Libyae
1399 2499 1536 2575 paraplo,
1553 2500 1604 2560 ubi
1626 2504 1694 2561 item

82 2592 273 2663 Pharsalum,
290 2592 472 2663 Scotussam,
492 2592 639 2663 Cierium,
656 2592 778 2666 Pheras,
799 2596 869 2651 dum
912 2594 1172 2653 aseriorelromine
1182 2592 1279 2651 addita
1289 2594 1581 2670 sunthliusquidam
1592 2597 1694 2657 videns

82 2690 111 2745 in
129 2688 216 2747 Elide
226 2708 321 2765 neque
337 2689 413 2746 Pisae
426 2708 520 2764 neque
533 2690 680 2767 Olympiae
696 2690 805 2748 mentio
821 2691 868 2761 stt,
911 2692 1013 2749 haecin
1029 2690 1151 2767 Europae
1170 2689 1368 2767 descriptione
1393 2692 1526 2767 ponenda
1543 2693 1646 2765 fuisse,
1663 2696 1694 2753 in
1732 2753 1736 2761 ,

82 2784 197 2841 durnin
209 2803 263 2841 ora
276 2782 419 2841 Laconica
426 2782 574 2843 desideras
584 2784 736 2860 Coronen,
749 2784 868 2856 Pheras,
912 2789 999 2846 initio
1013 2788 1119 2865 peripli
1133 2788 1257 2861 margini
1276 2786 1447 2865 adscripsit,
1461 2808 1519 2845 non
1532 2788 1571 2845 ita
1586 2802 1692 2861 tamen,

82 2881 347 2959 hlrias‚(1·itylum,
362 2879 568 2951 'l‘euthronen,
585 2881 701 2952 Aerias,
723 2883 869 2960 Asopum,
912 2898 944 2942 ut
966 2905 1092 2961 quonam
1118 2885 1299 2962 potissimum
1319 2886 1382 2943 loco
1408 2886 1561 2943 inserenda
1584 2887 1693 2964 forent,

84 2978 112 3034 in
124 2975 153 3032 'l’
154 2975 254 3032 bracia
274 2976 460 3050 Byzantium,
480 2976 512 3034 in
527 2974 625 3034 iberia
642 2977 869 3036 Massiliensium
912 2981 1031 3039 indocto
1046 2993 1156 3058 pateret
1171 2980 1305 3052 librari0,
1317 2982 1368 3058 qui
1379 2981 1505 3040 Gadium
1519 2984 1694 3044 mentionem

83 3074 214 3131 colonias
227 3084 257 3131 et
271 3073 404 3130 baleares
417 3073 542 3144 insulas,
560 3074 642 3131 etsie
663 3094 763 3151 porro.
779 3074 870 3152 Cujus
912 3097 978 3134 cum
994 3075 1079 3134 lbere
1094 3075 1185 3134 fluvio
1206 3077 1384 3153 composuit,
1404 3095 1498 3152 eoque
1520 3095 1621 3135 errore
1636 3079 1694 3155 eje·

83 3171 177 3247 culpae
192 3170 219 3227 si
232 3189 291 3245 qua
304 3188 373 3246 pars
390 3189 478 3247 penes
498 3170 594 3247 ipsum
605 3170 712 3248 peripli
724 3184 869 3228 auctorem
912 3172 986 3229 cisse
998 3170 1114 3228 videtur
1128 3169 1261 3228 llaleares
1271 3170 1390 3241 insulas,
1404 3189 1469 3246 quae
1487 3170 1541 3228 lroc
1560 3172 1624 3230 loco
1638 3193 1695 3229 me-

84 3281 142 3338 est,
156 3266 253 3342 major
269 3279 365 3324 tamen
379 3265 598 3324 breviatoribus
617 3266 664 3324 vel
678 3268 766 3342 vulgo
782 3269 870 3324 libra·
912 3267 1059 3324 morandae
1073 3279 1163 3324 erant.
1181 3266 1286 3323 Eadem
1302 3267 1376 3324 ratio
1393 3279 1436 3323 est
1449 3268 1466 3341 5
1482 3268 1515 3322 13
1531 3287 1561 3344 p.
1580 3289 1628 3337 aa,
1643 3269 1694 3326 ubi

85 3362 198 3420 riorum
213 3361 391 3420 vindicanda
406 3362 509 3434 luerit3
528 3362 582 3422 hos
594 3364 672 3421 enim
684 3364 761 3422 hand
779 3384 872 3440 pauca
912 3363 942 3418 in
958 3360 1084 3418 medinm
1096 3361 1260 3418 Siculorum
1271 3360 1446 3438 oppidorum
1465 3359 1634 3418 laterculum
1651 3363 1695 3418 in·

85 3479 232 3536 peccasse,
250 3459 404 3516 manifesta
422 3459 552 3536 produnt
564 3460 731 3518 lacunarum
749 3459 868 3537 indicia,
912 3454 1071 3513 truduntur
1084 3454 1174 3512 verba
1192 3476 1198 3510 :
1214 3449 1295 3514 Ἔστι
1305 3452 1332 3510 δὲ
1352 3453 1491 3521 ἧΣικελία
1509 3453 1643 3534 τρίγωνος·
1665 3456 1695 3514 τὸ

86 3569 115 3610 ut
128 3557 172 3630 51,
188 3575 220 3632 p.
237 3553 290 3624 18,
302 3551 354 3611 nbi
367 3555 486 3612 nomina
492 3553 717 3614 Massiliensium
733 3556 764 3612 in
776 3555 871 3631 Ligu·
912 3549 940 3608 δὲ
953 3551 1035 3608 κῶλον
1049 3547 1159 3608 &orror
1173 3551 1253 3619 αὐτῆς
1265 3547 1321 3606 ἐστὶ
1334 3547 1450 3622 μάλιστα
1461 3547 1573 3606 σταδίων
1587 3551 1649 3628 μμ,
1664 3552 1693 3608 itt

87 3653 127 3708 rin
141 3652 326 3710 coloniarum
336 3651 480 3709 excidisse
489 3665 577 3730 patet,
588 3665 617 3710 et
630 3654 647 3727 §
658 3661 693 3724 74
707 3671 736 3728 p.
752 3655 803 3724 60,
818 3653 870 3711 ubi
913 3645 1021 3724 quibus
1043 3645 1185 3703 novitium
1205 3644 1438 3702 addidamentum
1465 3645 1510 3701 vel
1535 3645 1693 3702 stadiormn

87 3746 217 3817 'loretas,
230 3760 260 3804 et
270 3749 287 3823 §
298 3767 335 3820 77
350 3767 377 3822 p.
392 3749 442 3819 61,
455 3747 507 3804 ubi
520 3747 650 3805 Coraxos
659 3750 762 3807 lacuna
772 3748 872 3807 absor-
913 3763 983 3801 usus
997 3743 1138 3818 coarguit,
1155 3761 1243 3818 quum
1258 3742 1289 3798 in
1301 3741 1414 3817 reliquo
1427 3739 1528 3798 harum
1543 3740 1694 3816 regionum

88 3844 152 3917 psit.
167 3842 314 3899 Similiter
328 3843 346 3917 5
360 3844 398 3916 96
413 3861 443 3919 p.
457 3843 497 3917 69
519 3841 642 3900 AEolidis
660 3842 764 3912 urbes,
783 3844 800 3917 5
817 3865 870 3900 εεο
913 3839 1034 3917 paraplo
1059 3840 1218 3896 secundum
1234 3837 1297 3894 dies
1318 3851 1474 3913 noctesque
1500 3837 1695 3911 navigationis

88 3957 114 4012 p.
130 3938 167 4008 87
194 3935 340 4013 Neapolin
356 3933 469 4012 Libyae,
487 3956 517 4014 p.
535 3938 572 3993 88
589 3935 693 4013 lepthr
707 3957 827 4015 parvam
843 3952 871 3995 ct
913 3947 1105 4014 computetur.
1128 3933 1211 3992 llaud
1229 3934 1325 3990 minus
1345 3934 1441 4009 inepte
1458 3935 1476 4008 5
1501 3935 1539 3990 26
1559 3953 1591 4008 p.
1610 3935 1647 3990 33
1664 3935 1694 3990 ln

88 4031 276 4088 lldrumetum
300 4031 332 4088 in
348 4032 505 4104 integriore
523 4031 602 4089 libro
620 4045 793 4090 memoratas
808 4053 871 4092 esse
914 4033 1039 4110 lllyricae
1063 4051 1121 4090 orae
1145 4031 1342 4109 descriptione
1365 4029 1487 4108 abrupte
1517 4041 1547 4086 et
1574 4031 1694 4087 insulsis

87 4148 120 4184 cr
134 4125 345 4205 superstitibus
356 4127 456 4185 verbis
473 4128 657 4203 intelligitur.
913 4129 1012 4188 verbis
1026 4131 1253 4206 interponuntur
1265 4147 1329 4203 quae
1341 4126 1376 4183 ad
1388 4126 1413 4184 T
1416 4127 1590 4204 hesprotiam
1606 4127 1693 4202 perti·

125 4225 171 4281 58.
181 4223 294 4281 Contra
306 4243 377 4281 vero
390 4237 434 4283 sat
447 4225 538 4282 multa
556 4245 634 4282 nunc
648 4225 787 4300 legimus,
805 4247 870 4303 quae
912 4241 1002 4286 nent:
1026 4226 1072 4286 ’Er
1090 4229 1124 4303 τῇ
1146 4223 1270 4303 llio-:prbr
1286 4221 1363 4302 χώρᾳ
1386 4215 1453 4280 εἶναι
1467 4222 1572 4298 λέγεται
1593 4221 1692 4291 πεδίον,

89 4334 195 4377 auctor*
213 4319 323 4397 peripli
339 4339 397 4376 non
421 4321 557 4398 scripsit,
577 4319 628 4378 sed
649 4320 869 4380 alibrariisrel
912 4322 994 4398 ὄνομα
1014 4321 1147 4399 Ἐρύθεια.
1166 4319 1297 4379 'liveriis
1312 4322 1326 4376 δ
1342 4319 1472 4397 Γηρυόνης
1498 4315 1602 4394 λέγεται
1621 4315 1694 4386 ἥκειν

90 4415 299 4490 ludimagistris
318 4414 355 4471 ad
381 4415 542 4490 marginem
570 4428 667 4474 notata
695 4418 872 4494 posteriores
912 4419 957 4478 καί
977 4416 1035 4484 τοὺς
1052 4423 1111 4497 βοῦς
1129 4419 1272 4496 βουκολεῖν.
1286 4417 1378 4474 Porro
1393 4417 1410 4490 5
1424 4417 1510 4492 13,p.
1529 4433 1566 4470 aa
1579 4413 1692 4472 verba:

90 4511 188 4568 scribae
201 4511 234 4568 in
249 4509 383 4567 ordinem
396 4509 554 4567 verborum
567 4524 747 4589 receperunt.
760 4510 871 4568 iudicia
914 4519 999 4585 Νῆρος
1017 4515 1165 4593 Καλυψοῦς,
1178 4515 1204 4570 ίν
1214 4519 1231 4591 ᾑ
1243 4511 1386 4576 Ὀδυσσεὺς
1403 4509 1466 4590 ᾤκεε
1482 4507 1555 4589 παρὰ
1572 4510 1696 4590 Καλυψοῖ

91 4609 127 4664 rei
144 4606 277 4685 praebent
286 4604 569 4664 turbataverborum
583 4609 658 4665 ratio
676 4609 872 4684 grammatica,
914 4631 973 4668 non
993 4623 1075 4688 post,
1101 4609 1151 4666 sed
1175 4621 1241 4665 ante
1267 4607 1421 4663 Crotonem
1440 4603 1576 4678 ponenda
1600 4617 1692 4661 erant.

90 4705 263 4762 narrationis
288 4703 380 4761 serias
402 4703 583 4781 interrupta,
613 4706 762 4780 neglectus
795 4706 871 4762 ordo
912 4706 969 4764 Sed
985 4705 1040 4763 hoc
1059 4705 1153 4762 levius
1172 4704 1219 4761 sit.
1236 4700 1358 4777 lllajoris
1371 4699 1509 4757 momenti
1529 4712 1597 4756 sunt
1614 4699 1694 4784 lucu-

89 4800 308 4878 geographicas.
322 4803 423 4878 ltaque
436 4801 462 4858 si
475 4803 492 4876 5
513 4822 529 4856 a
545 4821 574 4877 p.
591 4802 624 4857 16
640 4801 671 4858 in
686 4801 787 4859 codice
798 4801 870 4876 legi·
914 4803 1074 4861 lentissima
1086 4803 1136 4858 illa
1158 4799 1266 4876 quibus
1288 4797 1422 4874 linquens
1434 4809 1542 4854 suetam
1554 4797 1696 4852 narratio·

90 4907 132 4952 tur
149 4919 156 4952 ε
172 4887 243 4967 εἶτα,
257 4917 298 4954 sc.
323 4897 406 4969 ἐστίν,
424 4894 583 4976 Ἔμπόρεον·
605 4895 700 4976 (πόλιν
719 4895 871 4970 Ἑλληνίδα,
914 4901 961 4958 nis
973 4899 1135 4958 ariditatem
1147 4908 1246 4954 auctor
1259 4895 1296 4952 de
1304 4893 1398 4952 hortis
1412 4891 1604 4971 Hesperidum
1620 4891 1695 4948 vici·

90 4991 188 5066 supple
195 4989 286 5070 φησίν,
295 4981 314 5067 ᾖ
321 4989 404 5065 ὄνομα
412 4990 578 5071 Ἐμπόριονίε
587 5011 673 5050 nemo
682 5012 740 5050 non
746 4993 869 5068 glossam
914 4996 1019 5070 nisque
1031 4994 1102 5052 locis
1116 4975 1236 5068 exponit
1247 4992 1264 5066 5
1284 4991 1348 5060 roll,
1359 5009 1391 5067 p.
1404 4982 1441 5045 83
1452 5007 1510 5063 sq„
1526 4985 1594 5043 inde
1606 5004 1622 5041 a
1634 5005 1696 5042 rer

91 5086 229 5158 agnoscit,
245 5105 306 5162 qua
317 5099 470 5145 caveretur
483 5105 520 5145 ne
533 5088 600 5164 quis
618 5089 771 5166 proprium
788 5088 872 5147 urbis
914 5089 961 5148 bis
974 5087 1043 5148 'llrm
1058 5087 1084 5144 ll
1108 5085 1219 5142 ἐνταῦθά
1243 5087 1313 5142 ἐστιν
1326 5088 1340 5141 ὁ
1355 5087 1437 5153 κῆπος
1461 5084 1512 5138 τῶν
1533 5078 1695 5156 Ἑσπερίδων

92 5201 190 5240 nottren
213 5204 269 5261 pro
287 5184 465 5260 appellativo
490 5185 618 5246 haberet.
637 5185 813 5263 Similiter§
835 5191 870 5255 34
915 5182 1053 5262 usquead
1068 5203 1093 5240 ν.
1110 5185 1188 5252 κῆποι
1204 5181 1337 5254 πλεῖστοι,
1354 5177 1486 5256 Ζήνερτῑς.
1509 5176 1579 5244 Qua*
1600 5175 1696 5232 ⁰¹¹¹¹¹l³¹
