3775 5750
86 362 203 442 [aaut

10 500 195 563 1ιιιι.στῶτες
215 496 336 575 καὶπρὸς
355 494 468 575 ἑσπέραν
488 498 587 571 μᾶλλον
608 496 794 567 ἀνατείνοντες,
818 498 880 554 εἰσὶν

82 584 114 641 οἳ
131 588 165 642 ἐκ
180 589 226 654 τῆς
249 586 301 641 τῶν
320 584 467 665 ε’λεράντων
493 584 572 662 θήρας
597 586 640 643 τὀν
663 585 718 662 βίον
736 590 880 642 ποιοῦνται.

83 676 126 731 Οἱ
148 672 197 749 μὲν
212 672 265 730 ἀπὸ
280 672 398 751 δένδρου,
413 674 454 750 ἀρ’
469 661 491 749 ᾧ
506 673 651 749 κάθηνται,
666 676 821 737 σκοποῦντες
835 672 881 739 τὰς

83 759 226 837 παρόδους
242 762 292 817 τῶν
307 759 411 838 θηρίων,
422 766 480 825 ταῖς
495 758 542 835 μὲν
556 759 634 838 χερσί
647 762 694 829 τῆς
708 762 786 839 οὐρᾶς
799 758 881 817 λαόό·

53 868 67 905 ο
86 871 188 917 μενοι,
218 850 271 912 τοῖς
291 846 353 903 ποσί
373 846 400 905 δὲ
419 846 484 926 πρὸς
504 846 548 905 τόν
572 846 654 925 μηρδν
678 846 721 904 τόν
747 846 881 927 ἀριστερόν

84 934 286 993 turditanis·
300 926 358 991 εἶτα
372 932 489 1007 πελέκει,
506 933 535 993 όν
549 934 696 1004 ἐπιτήδειον
718 934 764 993 καί
778 933 881 1010 ἕτοιμον

84 1024 198 1101 ἔχουσι,
212 1022 259 1093 rin
272 1020 356 1089 δεξιὰν
366 1020 446 1100 ἰγνὺν,
459 1026 568 1090 πυκναῖς
582 1024 638 1089 ταῖς
651 1024 764 1097 πληγαῖς
777 1022 882 1101 χρώμε·

87 1130 151 1185 νοτ,
167 1114 376 1187 νευροκοποῦσιν,
391 1108 459 1167 οὕτω
478 1109 505 1169 δὲ
520 1112 628 1177 ἐκτενῶς
648 1114 681 1188 τῇ
698 1108 745 1183 μίν
766 1107 881 1189 inrepi-

87 1218 198 1273 ροντες,
213 1199 246 1273 τῇ
261 1195 288 1255 δὲ
303 1200 350 1263 τῆς
361 1198 438 1275 οὐρᾶς
452 1202 621 1275 κρατοῦντες,
632 1199 667 1263 ὡς
681 1196 761 1255 άθλου
775 1218 881 1275 προκει·

44 1309 68 1346 ιι
90 1283 177 1359 μένου
200 1288 246 1353 τῆς
264 1287 365 1364 ψυχῆς·
379 1284 396 1356 ἢ
411 1284 461 1364 γὰρ
478 1286 630 1345 ἀποκτεῖναι
643 1284 696 1365 χρὴ
712 1285 878 1356 ἢτελεοτᾶν,

9 1464 77 1517 Linel.
87 1450 164 1510 πολὺ
177 1450 339 1523 διεστηκότες
350 1452 472 1520 Αἰθίοπες
482 1453 645 1533 ὑπάρχουσιν
652 1453 880 1535 Ἰἰλεραντομάχοι

86 1540 213 1616 κυνηγοί.
257 1540 404 1617 Νεμόμενοι
419 1540 470 1621 γδρ
490 1543 632 1623 δρυμώδεις
647 1544 691 1601 καί
704 1541 815 1608 πυκνοὺς
828 1544 881 1607 τοῖς

87 1626 213 1707 δένδρεσι
227 1628 321 1695 τόπους
335 1634 516 1711 παρατηροῦσι
530 1634 581 1687 τῶν
594 1628 738 1707 ἐλεφάντων
753 1630 799 1697 ede
813 1629 881 1687 εἰσό-

87 1718 153 1781 δους
169 1716 214 1774 καί
231 1716 276 1781 τὰς
291 1716 436 1795 ἐκτροπὰς,
451 1715 551 1784 σκοπδις
566 1717 618 1775 ἀπὸ
635 1720 686 1773 τῶν
710 1716 879 1797 ὑψηλοτάτων

88 1802 208 1882 δένδρων
223 1802 390 1880 ποιούμενοι·
403 1804 449 1862 καὶ
469 1813 526 1872 ταῖς
541 1804 588 1881 μίν
610 1806 715 1882 ἀγέλαις
734 1806 818 1864 αὐτῶν
833 1807 879 1863 οὐκ

50 1912 74 1949 ts
88 1892 253 1949 ἐπιτίθενται
274 1890 317 1949 διὰ
339 1890 368 1950 si
391 1892 523 1971 μηδεμίαν
545 1892 638 1951 ἐλπίδα
658 1893 726 1971 ἔχειν
746 1891 879 1971 κατορθώ-

89 2000 171 2049 σεως,
186 1982 239 2047 τοῖς
261 1978 288 2037 δὲ
311 1982 370 2037 καθ’
387 1978 432 2038 ἕνα
449 1980 633 2058 πορευομένοις
650 1978 820 2039 ἀπιὸάλλουσι
833 1980 879 2045 τὰς

89 2075 198 2146 χεῖρας,
214 2066 369 2146 παραδόξοις
384 2067 748 2147 ἰγρειροῦντεςτολμήμασιν.
792 2066 878 2128 Ὅταν

89 2154 144 2233 γὰρ
160 2155 190 2212 τὸ
202 2158 265 2231 ζῷον
279 2155 369 2223 διεξιὸν
381 2156 487 2233 γίνηται
502 2157 571 2215 κατδι
583 2156 612 2215 τδ
624 2155 725 2236 δένδρον
741 2159 766 2215 ἐν
779 2147 801 2235 ᾧ
813 2179 878 2231 συμ-

90 2242 182 2301 ῦαίνει
197 2242 240 2301 τδν
256 2243 415 2303 σκοπεύοντα
429 2244 584 2326 κεκρόρθαι,
600 2243 656 2321 ἅμα
667 2248 704 2325 τῷ
722 2243 877 2323 παραλλάτ-

52 2348 146 2386 ‘rursm
171 2328 213 2387 τὸν
228 2330 307 2389 τόπον
321 2338 379 2396 ταῖς
401 2330 449 2407 μίν
463 2332 554 2411 χερσὶν
575 2331 699 2411 ἐδράξατο
720 2336 766 2402 τῆς
788 2334 879 2409 οὐρᾶς,

92 2422 148 2483 τοῖς
162 2417 189 2475 δὲ
202 2418 278 2476 ποσίν
296 2416 392 2489 ἀντίὸη
406 2418 470 2497 πρὸς
483 2419 526 2479 τδν
550 2420 683 2498 ἀριστερὸν
697 2420 795 2498 μηρόν·
812 2420 879 2500 ἔχων

91 2506 114 2562 δ’
130 2508 161 2563 ἐκ
177 2508 229 2562 τῶν
243 2505 322 2581 ὤμων
335 2504 561 2585 προεξηρτημένον
576 2507 699 2581 πέλεκυν,
717 2513 811 2587 κοῦρον
832 2508 879 2583 μὲν

91 2592 159 2669 πρὸς
180 2593 228 2663 τὴν
243 2594 295 2652 ἀπὸ
315 2596 361 2665 τῆς
375 2603 436 2669 μιᾶς
450 2596 536 2675 χειρὸς
558 2596 674 2674 πληγὴν,
690 2594 747 2663 ὀξὺν
772 2594 799 2655 δὲ
820 2600 879 2655 καθ’

92 2680 256 2760 ῦπερόολὴν,
278 2686 367 2739 τοῦτον
389 2681 533 2758 λαθόμενος
553 2686 627 2762 δντῇ
651 2682 721 2763 δεξιᾶΙ
734 2684 802 2763 χειρὶ
823 2708 878 2743 νευ-

52 2796 76 2833 2³
93 2777 203 2845 ροκοπεῖ
217 2768 264 2839 τὴν
279 2768 363 2837 δεξιὰν
385 2770 467 2847 ἰγνὺν,
480 2770 580 2837 πυκνάς
600 2772 755 2851 καταφέρων
774 2772 877 2851 πληγὰς

91 2856 138 2912 καί
152 2855 195 2914 διδ
210 2860 257 2928 τῆς
275 2860 411 2936 ἀριστερᾶς
425 2858 511 2938 Ιρειρδς
525 2858 646 2929 οἰακίζων
663 2861 693 2920 τὸ
707 2860 771 2920 ίδιον
789 2863 877 2936 σῶμα.

94 2943 250 3023 Παράδοξον
272 2943 299 3004 δὲ
320 2945 431 3016 ὀξύτητα
452 2955 504 3013 τοῖς
522 2945 604 3024 ἔργοις
625 2947 823 3028 προσρέρουσιν,
846 2951 881 3014 ὡς

93 3030 126 3088 ἂν
141 3032 223 3091 ἀθλου
243 3038 291 3104 τῆς
309 3033 376 3100 ἰδίας
389 3039 475 3115 ψυχῆς
490 3035 591 3114 ἑκάστῳ
607 3037 786 3115 προκειμένου·
801 3036 817 3106 ἢ
831 3035 880 3114 γὰρ

92 3119 274 3200 χειρώσασθαι
289 3119 319 3179 ii
334 3124 398 3202 ζῷον
412 3122 430 3193 ἢ
446 3127 568 3180 τελευτᾶν
586 3125 663 3182 αὐτὸν
678 3123 810 3196 λείπεται,
834 3129 880 3194 τῆς

57 3228 80 3262 :m
94 3207 272 3286 περιστάσεως
304 3211 350 3267 οὐκ
372 3209 559 3289 δπιδεχομένης
582 3211 668 3288 ἕτερον
698 3213 878 3286 ἀποτέλεσμα.

93 3295 133 3354 Ἰῦ
149 3295 176 3352 δὲ
189 3298 377 3374 νευροκοπηθὲν
388 3299 452 3379 ζῷον
462 3297 525 3357 nori
540 3298 588 3374 μὲν
601 3300 643 3356 διδ
653 3297 699 3370 τὴν
713 3299 880 3370 δυσκινησίαν

95 3385 241 3442 ἀδυνατοῦν
267 3383 422 3465 στρέφεσθαι
445 3385 490 3445 καί
515 3385 742 3464 σννεκκλινόμενον
766 3387 808 3445 ἐπὶ
836 3385 878 3444 τὸν

94 3472 243 3530 πεπονθότα
264 3474 342 3531 τόπον
365 3473 455 3532 πίπτει
478 3474 584 3533 καὶτὸν
610 3475 722 3535 Αἰθίοπα
745 3474 878 3533 συναπόλ-

94 3562 172 3636 λυσι,
188 3559 252 3617 ποτὲ
273 3559 300 3618 δὲ
318 3560 381 3640 πρὸς
391 3561 525 3642 ‘crispari
550 3563 652 3644 δένδρον
674 3565 821 3642 ἀποθλῖψαν
834 3562 878 3620 τὸν

59 3665 82 3698 1‘1'·
95 3647 232 3727 ἄνθρωπον
245 3649 281 3728 τῷ
294 3649 368 3728 βάρει
380 3652 462 3720 πιέζει
472 3649 551 3730 μέχρι
563 3651 593 3708 διν
605 3652 756 3730 ἀποκτείνῃ.
791 3649 879 3710 Ἔνιοι

130 3821 201 3885 553.
218 3820 257 3869 De
273 3818 502 3892 elephantophagis
519 3832 614 3891 prater
634 3821 782 3875 Diodorum
804 3824 814 3888 (
823 3823 879 3890 qui,

96 3899 184 3948 umrio
201 3915 236 3949 au
256 3897 384 3951 librorum
406 3901 486 3966 vitio,
505 3901 719 3971 ἔλεραντομάχους
738 3901 830 3969 vocat)
855 3911 880 3951 ct

97 3975 294 4028 Artemidorum
303 3995 345 4048 ap.
359 3978 481 4032 Strabon.
494 3997 521 4050 p.
534 3997 595 4048 772,
605 3999 629 4032 ν.
644 3980 797 4032 ΡιοΙαιιτπιιε
808 3980 855 4041 IV,
866 3997 880 4046 7

96 4073 122 4124 p.
146 4055 196 4107 305
220 4072 225 4106 :
245 4053 434 4127 Καταλαμόάνει
449 4057 475 4110 δὲ
490 4061 566 4110 ταῦτα
583 4059 613 4111 τά
634 4058 690 4125 ἔθνη
708 4057 748 4110 καί
766 4055 809 4121 τὴν
830 4057 880 4108 Με-

701 366 753 425 Dr:
777 366 871 425 llrllll
898 367 1129 427 lilll'Tllllelitl.

1658 384 1711 432 lli

927 522 989 572 gum
1011 516 1035 556 et
1063 508 1165 557 occasui
1188 508 1268 573 iungis
1294 507 1403 576 abjecti,
1426 510 1470 577 qui
1493 528 1523 560 ετ
1546 509 1712 583 elephantum

927 594 1065 644 venatione
1085 594 1182 644 victum
1197 595 1347 662 acquirunt.
1386 596 1424 645 Ex
1446 595 1486 645 bis
1510 596 1627 647 nonnulli
1650 599 1712 648 insi·

927 679 1018 732 dentes
1031 681 1118 732 arbori
1133 680 1277 734 belluarum
1296 685 1421 735 transitus
1441 684 1618 753 speculantur,
1633 684 1712 737 lacto-

926 783 978 836 que
988 768 1130 837 perniciter
1140 767 1280 831 descensu,
1304 769 1426 821 manibus
1438 771 1567 841 complexi
1587 771 1711 834 caudam,

926 863 953 904 et
964 853 1075 923 pedibus
1086 854 1114 905 in
1129 853 1214 905 lemen
1226 855 1362 907 sinistrum
1374 856 1491 920 connixi,
1503 856 1633 926 bipennis,
1647 869 1713 928 aptae

926 941 959 993 ad
973 943 1024 994 hoc
1045 953 1071 994 et
1084 952 1194 1013 paratae,
1208 943 1306 994 crebris
1324 942 1418 995 ictibus
1431 943 1537 1014 poplitis
1548 943 1634 997 dextri
1655 964 1713 998 ner·

927 1046 974 1079 vos
985 1027 1144 1081 succidunt:
1160 1038 1266 1098 tamque
1286 1028 1370 1081 valide
1390 1030 1438 1081 bac
1451 1030 1558 1083 vulnera
1577 1031 1711 1097 inserunt,

928 1116 970 1168 illa
989 1116 1101 1169 caudam
1120 1126 1228 1179 tenent,
1250 1134 1330 1186 quam
1352 1119 1373 1169 si
1393 1116 1427 1169 de
1447 1118 1500 1170 vita
1519 1128 1651 1172 certamen
1672 1122 1712 1173 in·

927 1206 1065 1268 stituatur;
1084 1213 1129 1256 aut
1143 1206 1215 1256 enirn
1235 1204 1440 1258 interimendum
1455 1218 1510 1270 est,
1525 1218 1570 1259 aut
1586 1219 1711 1278 oppeten-

927 1293 1009 1357 dum,
1025 1292 1155 1362 siquidem
1173 1293 1253 1344 alium
1268 1294 1393 1363 temporis
1412 1294 1456 1347 liic
1475 1295 1599 1347 articulus
1611 1297 1710 1349 exitum

924 1470 1060 1513 venatores
1074 1460 1318 1533 Elephantomacbi,
1332 1464 1350 1511 i.
1366 1477 1390 1512 e.
1404 1460 1557 1530 AEtlriopum
1567 1463 1639 1513 natio
1650 1480 1710 1515 rum

922 1563 1067 1633 elephantis
1090 1563 1260 1634 depugnans,
1280 1563 1408 1639 habitant.
1447 1563 1577 1615 Saltuosas
1597 1566 1666 1616 enim
1686 1576 1712 1617 et

922 1666 1010 1718 densis
1021 1667 1133 1718 consitas
1144 1665 1282 1719 arboribus
1294 1667 1370 1717 silvas
1382 1665 1510 1727 incolunt,
1523 1663 1569 1717 ubi
1582 1666 1712 1734 ingressus

922 1770 1091 1840 elephantum
1104 1780 1130 1822 et
1149 1768 1303 1822 diverticula
1317 1788 1332 1821 e
1345 1771 1493 1822 celsissimis
1512 1769 1636 1822 arborum
1656 1788 1712 1841 spe·

922 1872 987 1925 culis
998 1873 1148 1927 observant.
1190 1878 1225 1927 At
1247 1875 1347 1944 integra
1359 1874 1467 1945 quidem
1477 1885 1596 1927 armenta
1606 1892 1660 1927 non
1670 1891 1712 1941 ag·

922 1978 1093 2046 grediuntur3
1110 1978 1180 2031 nulla
1197 1980 1268 2031 enim
1282 1981 1319 2031 rei
1340 1979 1406 2031 brne
1420 1977 1540 2060 perendie
1553 1978 1710 2050 spissaret,

921 2081 968 2133 sed
986 2081 1135 2151 singulatim
1154 2082 1339 2135 accedentibus
1359 2085 1427 2135 mim
1441 2070 1517 2153 plane
1539 2100 1604 2135 ausu
1620 2100 1712 2135 manus

922 2183 1046 2236 alleruut.
1085 2188 1175 2252 Quum
1188 2186 1259 2237 enim
1279 2185 1418 2248 arborem,
1431 2184 1476 2237 ulii
1497 2186 1644 2256 speculator
1657 2205 1711 2238 sese

922 2285 1069 2351 abscondit,
1077 2286 1163 2341 bellua
1172 2288 1394 2359 praetergreditur,
1406 2289 1432 2339 in
1445 2290 1502 2358 ipso
1510 2288 1712 2343 tmnsitucauelu

923 2392 1044 2444 manibus
1056 2393 1200 2463 prehensa,
1213 2392 1325 2463 pedibiu
1337 2393 1444 2444 sinistro
1459 2393 1552 2445 femori
1572 2395 1710 2456 innititur,

923 2499 980 2541 tum
995 2500 1153 2561 praeacutam
1164 2491 1292 2553 securim,
1307 2507 1387 2559 (poam
1403 2490 1520 2542 humeris
1536 2507 1664 2542 annexam
1685 2502 1712 2542 et

923 2586 957 2638 acl
980 2588 1058 2639 unius
1077 2604 1171 2639 manus
1193 2587 1259 2639 ictus
1281 2584 1395 2637 habilem
1410 2587 1489 2653 gerit,
1512 2584 1603 2637 dextra
1628 2588 1710 2639 corri-

923 2683 1007 2752 piens,
1020 2681 1119 2735 dextrae
1131 2680 1280 2749 suffraginis
1294 2700 1388 2734 nervos
1397 2681 1495 2733 crebris
1508 2681 1660 2733 vulneribus
1672 2684 1712 2734 in·

924 2778 987 2830 cidit
997 2798 1004 2843 ;
1015 2778 1077 2831 laeva
1087 2779 1193 2830 iuterim
1207 2796 1303 2848 eorpus
1315 2796 1392 2829 suum
1413 2778 1549 2847 gubernat.
1588 2780 1655 2831 lilim
1667 2797 1712 2831 nu-

925 2887 977 2928 tem
1000 2877 1062 2929 buic
1085 2877 1159 2946 operi
1180 2875 1296 2928 celeritas
1319 2875 1469 2939 udbilietur,
1489 2886 1518 2929 ut
1532 2895 1585 2948 quo
1606 2877 1640 2928 de
1660 2878 1712 2930 vita

925 2973 1131 3043 uniuscujusque
1152 2983 1283 3025 certamen
1304 2975 1337 3024 sit
1363 2975 1539 3043 propositum.
1576 2975 1643 3026 Nam
1667 2985 1713 3026 aut

924 3070 1057 3123 domanda
1077 3081 1116 3122 est
1135 3069 1229 3134 bellua,
1252 3081 1296 3122 aut
1310 3072 1358 3140 ipsi
1381 3069 1609 3133 occumbendum
1632 3071 1711 3122 alium

924 3188 965 3221 res
977 3179 1101 3220 eventurn
1120 3167 1191 3220 haud
1209 3167 1332 3220 admittit.
1373 3167 1476 3220 Animal
1492 3168 1570 3236 igitur
1584 3169 1620 3218 sic
1639 3186 1712 3219 rner-

925 3275 1032 3324 vatum,
1046 3281 1128 3334 quum
1141 3283 1169 3314 sc
1189 3263 1326 3314 olivertcrc
1342 3263 1419 3333 (quc
1434 3264 1514 3333 ipsius
1533 3264 1559 3314 in
1574 3273 1648 3316 motu
1659 3274 1711 3315 tar-

925 3361 992 3413 elitas
1015 3360 1073 3430 est)
1099 3369 1226 3429 nequent,
1258 3357 1391 3411 interdum
1413 3357 1447 3410 ad
1473 3357 1596 3411 allectum
1624 3358 1711 3412 locum

924 3457 1053 3510 inclinans
1066 3455 1233 3526 procumbit,
1255 3455 1403 3526 AEthiopcm
1419 3473 1471 3506 una
1488 3473 1576 3508 secum
1596 3473 1712 3526 pessum

924 3553 1004 3617 clans;
1014 3553 1146 3606 interdum
1156 3553 1188 3604 ad
1198 3552 1320 3604 arborem
1330 3570 1454 3604 saxumve
1461 3552 1596 3604 hominem
1603 3551 1712 3604 allidens

924 3650 992 3702 mole
1004 3667 1051 3702 sua
1065 3659 1117 3702 tam
1131 3647 1178 3700 diu
1190 3650 1302 3719 premit,
1315 3647 1381 3700 dum
1393 3649 1517 3701 enecarit.
1556 3648 1711 3718 Eteptnnus

925 3820 1080 3872 contermini
1094 3819 1246 3890 AEtlriopin,
1269 3820 1315 3890 qni
1339 3819 1386 3869 lenc
1403 3819 1458 3870 sala
1479 3831 1575 3870 renata
1592 3820 1709 3879 alantur,

925 3899 1030 3950 arbores
1045 3899 1210 3970 propinquas
1232 3898 1322 3950 itineri
1341 3917 1427 3949 εοεεεειι
1448 3898 1629 3950 canscaedunt.
1649 3899 1711 3950 lralc

927 3980 1009 4032 totius
1018 3980 1131 4045 agaunis
1144 3978 1315 4030 rarissimum
1330 3977 1468 4050 speculati,
1483 3989 1611 4029 exterrens
1622 3978 1648 4030 in
1659 3979 1712 4030 rin-

927 4077 971 4110 nes
982 4057 1117 4111 desiliant.
1139 4062 1217 4111 Lanu
1232 4058 1436 4129 apprehenditur
1448 4055 1534 4108 cauda
1545 4079 1555 4118 ,·
1564 4055 1644 4128 pedes
1662 4059 1712 4110 sti-

97 4135 154 4200 ρθην
170 4138 255 4200 νῆσον·
271 4135 324 4204 μεθ’
339 4137 354 4186 δ
368 4135 507 4190 ῦπόκεινται
520 4138 641 4206 Fine-spi,
652 4138 690 4207 ὕφ’
701 4138 742 4198 οῦς
757 4137 883 4206 Πτοεμρα-
922 4149 1026 4209 pantnr
1040 4137 1067 4189 iri
1081 4135 1190 4188 sinistro
1195 4135 1304 4204 semine.
1319 4139 1365 4188 Ita
1374 4133 1489 4206 pendeus
1505 4134 1615 4186 alterum
1622 4136 1711 4206 popli-

98 4216 154 4276 νεῖς,
165 4213 204 4283 ὑφ’
214 4215 256 4275 οῦς
264 4215 427 4279 Καταδοῦτοοι,
437 4218 490 4287 μεθ’
500 4219 542 4279 οῦς
552 4218 575 4269 oi
588 4216 797 4287 Ἰίλεραντοράγοι
806 4217 883 4268 Αἰθίο-

98 4311 146 4354 πες,
162 4291 201 4360 bp’
216 4293 258 4352 οθς
271 4293 430 4364 Πεσενδάραι.
443 4296 541 4348 Plinius
558 4298 606 4360 Vl,
623 4299 655 4348 35
672 4314 677 4348 ι
697 4300 771 4350 Inter
784 4309 881 4347 triantes

98 4383 181 4422 nutem
197 4381 223 4422 et
242 4371 335 4424 Nilum
351 4375 469 4443 Syrtiburi
491 4387 562 4438 suut,
585 4376 747 4444 I‘nluoggrs,·
763 4376 789 4427 in
816 4375 882 4447 ipsis

103 4469 158 4501 rem
179 4451 311 4504 arantibus
325 4453 437 4506 Asaclue
459 4453 550 4506 inultis
569 4454 730 4506 nationibus.
754 4453 849 4506 Abesse
864 4473 881 4504 a

100 4530 165 4582 rnnri
173 4529 300 4583 dicaretur
308 4530 408 4584 dierrem
420 4533 531 4604 quinqua
542 4533 640 4586 itinere.
654 4535 757 4586 Vintur!
764 4533 882 4604 elephan-

101 4621 182 4662 tarum
205 4623 311 4664 renata.
334 4613 408 4666 Idem
433 4616 507 4678 Vlll,
530 4615 560 4666 13
583 4631 589 4667 ι
613 4615 735 4667 Asrrclrrei
756 4625 884 4670 rorantur

100 4690 244 4762 AEtlriaprs,
258 4691 332 4764 apud
341 4711 405 4763 quor
417 4694 530 4746 inarime
543 4705 687 4746 nascuntur
702 4691 879 4764 (elephanti).

104 4771 167 4820 ·0n
178 4779 218 4822 est
232 4769 335 4840 dispose
348 4770 362 4824 a
377 4773 434 4824 voir
447 4789 509 4825 avec
522 4773 575 4825 Solt
595 4783 620 4824 et
632 4773 747 4825 Vinceut
767 4771 832 4824 dans
847 4772 882 4823 les

103 4848 210 4899 Asaclrae
231 4847 266 4900 les
289 4849 459 4920 lllnssiuieus
474 4851 621 4914 Axurnites,
643 4852 730 4920 quise
746 4860 883 4902 nominent

100 4943 193 4978 encore
207 4927 375 4996 aujourd'bui
391 4929 492 4996 Agrarsi
507 4957 517 4976 ι
535 4931 619 4982 llitter
632 4931 730 4998 Geogr.
741 4933 764 4992 l,
778 4947 804 5000 p.
821 4929 881 4992 303,

102 5021 164 5057 rem.
183 5006 241 5074 gall.
258 5005 331 5060 Idem
348 5027 374 5080 p.
392 5012 444 5072 340
457 5019 545 5062 monet
561 5010 709 5071 Dnbennnle,
732 5009 883 5076 Slrrrrrerrlla-

103 5101 154 5135 rum
177 5085 241 5138 leod.
259 5086 368 5152 tribum,
390 5090 541 5142 etiamnunc
561 5089 758 5160 elephantorum
781 5099 807 5140 et
830 5087 883 5140 rbi·

103 5175 252 5216 nmerotum
266 5184 343 5218 carne
356 5170 435 5220 vitum
450 5169 586 5221 sustinere.
600 5199 634 5208 —
650 5171 689 5220 De
702 5168 812 5220 venmuli
826 5185 881 5220 rno-

104 5240 141 5291 ‹lis
155 5243 188 5294 rl'.
206 5245 387 5298 Artemidorus
405 5258 430 5299 rt
455 5249 552 5300 Plinius
571 5251 645 5314 tht,
660 5251 675 5301 8
692 5266 696 5299 :
724 5246 883 5318 'I'rnglvrlptec

234 5350 317 5386 uttmtu.
329 5349 349 5390 l.

928 4229 978 4268 tem
990 4217 1082 4268 dextro
1091 4215 1168 4268 credit
1176 4227 1312 4287 praeacuta
1326 4215 1448 4286 bipcnrri‚·
1460 4215 1507 4265 lrac
1518 4232 1590 4264 crare
1605 4214 1711 4265 tarrlata

926 4297 1094 4368 profugiens,
1120 4295 1230 4347 alterius
1252 4294 1367 4366 poplitis
1392 4311 1482 4346 nerum
1500 4293 1586 4360 serit,
1616 4306 1710 4345 cuncta

924 4375 1058 4448 prircelcri
1077 4373 1234 4446 pernicitate
1249 4390 1385 4444 peragras.
1405 4371 1464 4425 Atii
1491 4371 1586 4422 trition⁴
1604 4389 1707 4434 genere,

927 4455 975 4507 sed
988 4454 1072 4520 magis
1084 4452 1191 4520 fallaci,
1221 4454 1333 4505 intentas
1357 4451 1470 4518 ingentes
1493 4467 1570 4501 arras
1597 4449 1711 4518 defigant

927 4532 1000 4584 hami
1020 4532 1131 4598 langius.
1152 4535 1209 4584 llas
1225 4530 1357 4604 precipui
1380 4530 1483 4582 viribus
1500 4529 1609 4598 juernrs
1628 4529 1710 4580 ranti-

927 4623 1006 4672 nent,
1027 4611 1078 4663 alii
1089 4609 1196 4664 corrreiri
1207 4611 1271 4682 pari
1292 4621 1386 4661 conata
1403 4606 1569 4669 contendunt,
1592 4624 1623 4659 uc
1640 4625 1710 4679 pra·

928 4691 1088 4743 tementibus
1101 4691 1262 4757 sagittarum
1284 4688 1412 4741 ernalenla
1427 4687 1546 4753 infigant,
1567 4705 1628 4738 nior
1650 4704 1710 4738 san-

926 4770 1016 4834 guinis
1027 4769 1148 4835 remigiis
1161 4780 1310 4840 separentur.
1324 4765 1458 4819 Diodorus
1470 4765 1577 4818 alteram
1590 4764 1658 4817 banc
1669 4783 1711 4816 ve-

929 4850 1042 4902 nationis
1055 4849 1183 4901 rationem
1199 4867 1253 4901 non
1273 4855 1414 4909 memorat,
1436 4844 1514 4897 sicuti
1532 4863 1574 4916 ap.
1597 4844 1710 4896 Plinium

928 4947 983 4980 non
1005 4927 1085 4979 babes
1101 4945 1180 4997 quam
1203 4928 1280 4980 tertio
1297 4925 1355 4979 loco
1378 4925 1487 4978 Pbotius
1508 4936 1534 4977 et
1560 4923 1710 4976 Artemido-

928 5024 974 5058 rus
993 5017 1137 5058 recensent.
1162 5006 1337 5057 Venationem
1359 5004 1558 5075 elephantorum
1583 5003 1623 5064 ci,
1653 5019 1711 5070 qum

928 5086 1016 5156 primo
1035 5085 1094 5136 loeo
1113 5083 1281 5145 describitur,
1295 5083 1454 5136 simillimam
1473 5083 1499 5135 in
1517 5081 1624 5148 regione
1640 5081 1711 5132 salla

929 5169 1044 5232 Mazaga
1054 5164 1120 5218 vidit
1130 5167 1225 5229 Bruee,
1237 5165 1286 5228 lV,
1298 5181 1325 5234 p.
1338 5165 1388 5226 tar
1399 5181 1451 5233 sep,
1462 5178 1521 5213 cum
1532 5158 1627 5229 quoel.
1640 5162 1711 5229 unp·

928 5247 970 5318 pel
991 5247 1061 5300 lteise
1085 5246 1111 5300 in
1137 5247 1230 5316 Abyss.
1257 5264 1283 5316 p.
1313 5249 1370 5307 riti.
1399 5245 1409 5309 ll
1434 5273 1469 5282 -—
1491 5241 1515 5293 5.
1532 5239 1609 5311 πρὸς]
1629 5241 1662 5301 ὡς
1679 5241 1709 5292 C.

1555 5343 1579 5381 Ιθ
