3775 5750
603 388 845 452 STADlAShlUS
866 390 987 451 hlAlllS
1009 392 1150 452 MAGNI.
1620 408 1680 459 aas

101 534 161 577 att.
189 513 251 573 Ἀτδ
264 514 418 583 Σελευκείας
431 518 467 583 τίς
481 517 599 592 τοταμδν
613 518 716 579 πλωτδν
733 520 860 595 acholius·
943 546 1006 601 ²¹7·
1029 536 1051 585 A
1063 532 1126 585 Side
1141 530 1221 603 (Ἀτδ
1233 530 1325 600 Σίδης)
1343 531 1376 584 ad
1397 530 1508 585 llurium
1521 534 1693 604 navigahi'cm

49 624 103 659 νον
125 603 315 681 Εὐρυμέδοντα
330 604 430 661 στάδιοι
445 603 478 683 ρ’.
905 636 983 688 quem
995 630 1090 672 vocant
1103 618 1341 690 Eurymedontem,
1358 619 1441 672 stadia
1459 638 1517 673 roo.

99 708 159 749 atu.
183 690 195 768 [
210 690 266 750 Ἀπ’
282 690 475 770 Εὐρυμέδοντος
488 693 523 758 tlt
536 694 697 773 Κυνοσάριον
712 696 813 754 στάδιοι
823 691 859 776 *l
940 707 1003 758 218.
1025 706 1089 775 [At
1103 704 1292 775 Eurymedonta
1305 705 1342 756 cd
1355 706 1522 774 Cynosarium
1533 708 1660 760 stadim?
1669 713 1690 781 l.

99 796 159 837 τιν.
185 777 248 837 ’Arri
263 778 427 858 Κυνοσσρίου
438 778 482 836 inl
495 779 615 854 ποταμὸν
628 780 788 857 καλούμενον
804 782 858 841 lll—
940 808 1002 860 ²¹9·
1023 796 1047 845 A
1060 793 1205 863 Cynosario
1218 790 1251 844 ad
1267 793 1378 845 fluvium
1391 794 1512 845 Castrum
1525 792 1627 847 dictum
1639 807 1678 848 sta

16 892 23 928 ι
54 886 145 1009 στρρν
171 864 272 925 στάδιοι
291 864 323 934 ξ’.
368 864 573 926 ’Λνιιπλιύσαντι
592 866 636 925 τδν
651 869 770 945 ποταμὸν
786 870 859 935 ruhte
904 875 948 930 dia
958 882 1007 942 θος
1018 876 1129 931 adverso
1139 878 1221 931 fluvio
1230 894 1334 930 sumum
1344 879 1474 947 naviganti
1485 882 1601 933 occurrit
1611 883 1692 951 Perge

54 956 107 1010 ἐστ
133 951 239 1027 Πέργη.
790 1004 795 1011 .
903 964 976 1015 urbs.

101 1060 157 1100 σου.
184 1039 287 1118 [Ἀπὸ]
306 1045 351 1099 τοῦ
368 1040 486 1120 Κίστρσυ
501 1042 544 1100 tat
567 1040 749 1101 Ῥουσκόποδα
769 1043 857 1121 [στά-
939 1066 1000 1103 220.
1020 1054 1043 1103 A
1054 1050 1147 1103 Castro
1157 1048 1192 1102 ad
1205 1049 1408 1121 Rbuscopodem
1423 1050 1532 1120 [stadia
1543 1051 1613 1121 tsi]

56 1126 136 1184 drot'
150 1128 174 1205 ].

100 1234 157 1273 aar.
184 1212 247 1273 Ἀιτδ
256 1212 445 1281 Ῥουσιιόποδος
456 1214 500 1273 tat
514 1214 658 1295 Μάσουραν
669 1216 714 1273 καί
725 1214 783 1281 τοὺς
799 1218 855 1275 Κιι·
938 1236 1000 1271 aar.
1020 1223 1044 1272 A
1072 1218 1248 1291 ithuscopode
1276 1218 1311 1271 ad
1336 1218 1471 1271 Masuram
1496 1230 1523 1272 et
1544 1220 1690 1273 Cataractae

16 1326 45 1363 ιο
57 1303 203 1383 ταράκτας
213 1302 314 1361 στάδιοι
325 1303 357 1363 ν’.
902 1308 984 1360 stadia
998 1310 1041 1362 50.

100 1408 156 1450 m.
182 1390 246 1449 ’Ani
260 1390 407 1469 Μασούριε
419 1393 455 1458 τίς
470 1391 618 1468 Μυγδάλην
631 1390 731 1449 στάδιοι
743 1390 775 1450 n‘.
937 1410 999 1445 aaa.
1021 1398 1043 1447 A
1056 1396 1162 1446 Masura
1173 1392 1207 1445 ad
1221 1392 1359 1463 hlygdalen
1376 1392 1459 1446 stadia
1475 1394 1506 1446 15
1519 1395 1530 1462 (
1542 1394 1586 1446 ιε’.)
1596 1398 1617 1462 ).

102 1496 160 1537 aas.
185 1476 249 1537 Ἀπὸ
264 1478 412 1556 Μυγδάλων
423 1481 460 1545 είς
473 1478 622 1537 Ἀττάλειαν
633 1479 733 1537 στάδιοι
752 1478 776 1537 ι’.
938 1480 1000 1532 223.
1019 1483 1041 1531 Α
1053 1478 1182 1550 Mygdalis
1191 1478 1366 1548 (Mygdalet)
1377 1477 1409 1531 ad
1423 1479 1543 1533 Attaliam
1555 1480 1638 1535 stadia
1647 1498 1688 1537 ιο.

102 1584 159 1623 ττι.
185 1564 247 1623 Ἀπὸ
258 1564 408 1633 Ἀτταλιίσς
418 1566 460 1625 tat
472 1566 569 1647 χωρίον
582 1564 694 1626 Τένεδον
709 1565 809 1624 στάδιοι
819 1564 852 1623 κ’.
938 1568 999 1627 ²²4·
1020 1564 1062 1616 Ab
1074 1564 1171 1617 Malla
1183 1564 1218 1616 td
1229 1564 1316 1615 l⁰⁰¹¹¹¹¹
1328 1562 1467 1616 Tenedum
1481 1564 1564 1618 Stadia
1581 1583 1624 1620 20·

59 1741 146 1805 §217
165 1738 285 1807 sequitur
300 1739 405 1791 σταδίων
424 1743 456 1809 ρ’,
475 1740 497 1791 si
508 1739 543 1791 ad
554 1758 607 1792 orae
623 1740 761 1793 maritimae
771 1739 855 1807 longi·
896 1738 1013 1808 quinque
1025 1736 1098 1788 ostiis
1111 1735 1208 1787 llurius
1225 1733 1344 1802 (Darden
1360 1739 1415 1804 Su)
1429 1752 1477 1806 per
1488 1752 1562 1787 oram
1573 1753 1691 1789 saxosam

58 1814 191 1867 tudinem
215 1814 329 1881 reseras,
347 1818 477 1889 corrupti·
489 1816 590 1881 forent,
610 1832 721 1887 quuma
741 1817 801 1869 Side
821 1815 855 1869 ad
905 1826 1105 1869 catarractarum
1124 1815 1153 1867 in
1165 1830 1266 1865 morem
1277 1824 1436 1884 erumperet.

58 1894 294 1965 Eurymedontem
316 1896 369 1949 sint
391 1894 474 1948 studia
504 1912 562 1949 too.
595 1895 674 1949 Haud
700 1894 781 1948 dubie
807 1897 855 1965 igi·
940 1898 1035 1963 §222
1056 1893 1247 1963 Μυγδάλην]
1265 1894 1343 1961 ςσνδ
1361 1892 1409 1946 tat
1434 1891 1577 1963 Μυγδάλων
1595 1892 1688 1947 codex.

58 1984 108 2026 tur
124 1973 243 2026 Seleucia
254 1984 309 2027 erat
321 1974 384 2027 urbs
398 1972 601 2039 mediterranea,
622 1976 656 2028 to
674 1992 689 2027 a
700 1973 761 2027 Side
774 1975 856 2028 stadia
905 1976 977 2026 Fort.
990 1984 1061 2026 erat:
1073 1972 1225 2042 Μύγδιιλιν..
1237 1970 1285 2024 tat
1293 1971 1584 2042 ttuytttenamonenre
1594 1972 1688 2024 Gallio.

59 2052 181 2117 distans,
201 2052 268 2105 adeo
284 2064 314 2105 ut
333 2057 415 2121 §217
437 2054 463 2105 in
482 2054 589 2125 paraplo
609 2051 772 2124 pergendum
791 2052 855 2106 suis.
904 2047 964 2102 Alia
985 2052 1100 2104 nominis
1120 2051 1204 2103 forma
1216 2061 1256 2103 ast
1271 2050 1402 2119 Μάγυδος;
1414 2059 1539 2121 praterea
1553 2051 1580 2102 in
1593 2050 1690 2104 codici·

59 2141 104 2183 set
118 2146 124 2183 ε
141 2130 190 2183 tat>
204 2130 286 2197 Σίδης.
303 2130 394 2201 Scylax
412 2148 440 2201 p.
456 2132 487 2199 75
505 2132 574 2183 inter
589 2130 812 2201 Eurymedontem
830 2142 857 2185 et
904 2129 954 2183 bus
967 2141 1112 2184 occurrunt
1127 2130 1239 2183 lormae:
1255 2129 1380 2193 Μάσυδος,
1395 2128 1514 2199 Μαγίδιον
1522 2128 1592 2190 πόλις
1603 2141 1629 2184 et
1640 2132 1691 2183 llll·

60 2208 147 2261 Sidcn
162 2220 293 2261 memorat
313 2208 443 2273 Σύλλειον,
465 2220 490 2261 et
506 2212 633 2263 Arrianus
649 2228 754 2280 quoque
768 2210 853 2263 Anub.
903 2210 997 2279 γαλος,
1010 2208 1043 2263 ad
1058 2208 1130 2280 quod
1143 2210 1264 2280 proxime
1281 2207 1382 2261 accedit
1401 2220 1520 2261 nostrum
1539 2209 1689 2276 Μυγδάλην.

61 2290 87 2351 l,
110 2292 161 2352 26,
181 2289 260 2341 riter
281 2285 423 2341 Alexandri
440 2288 475 2339 ita
490 2285 628 2353 describit,
648 2299 678 2341 ut
690 2288 798 2359 Syllium
817 2290 856 2343 in·
904 2288 939 2339 V.
964 2299 1020 2341 not.
1042 2287 1076 2340 ad
1100 2287 1198 2358 Scylac.
1218 2304 1246 2357 p.
1273 2286 1322 2356 75,
1344 2286 1391 2338 ubi
1411 2284 1479 2339 adde
1503 2288 1610 2340 leontis
1628 2290 1689 2359 Sap.

62 2377 107 2419 ter
132 2366 213 2420 Siden
240 2376 267 2419 et
289 2368 443 2439 Aspendum
467 2368 622 2439 ponendum
647 2386 702 2421 esse
726 2367 853 2420 videatur.
903 2367 989 2421 indic.
1004 2368 1103 2421 Eccles.
1113 2386 1141 2438 p.
1153 2370 1205 2429 οδε
1221 2366 1235 2418 δ
1250 2364 1538 2430 Ἀτταλείας,δίίίάνδου
1554 2364 1621 2435 (teg.
1635 2367 1691 2419 tta·

62 2448 158 2512 Quare
177 2447 205 2497 in
221 2455 276 2497 not.
295 2444 328 2498 ad
341 2445 472 2516 Scylacem
487 2444 649 2516 conjeceram
661 2446 769 2517 Syllium
786 2444 856 2497 istud
903 2446 991 2516 plion)
1002 2448 1012 2516 ΙΙ
1025 2446 1150 2499 -σταδ,
1169 2444 1203 2517 o']
1215 2456 1355 2516 corruptus
1366 2462 1492 2497 numerus
1515 2444 1557 2497 Ab
1571 2446 1690 2498 orientali

63 2524 421 2595 postaalortasseseleuciam
429 2524 527 2577 dictum
535 2523 855 2595 asse,velproiielslastav
903 2526 1057 2577 Catamactae
1072 2522 1184 2576 ostioad
1205 2522 1326 2575 Attaliam
1341 2522 1368 2574 in
1388 2522 1495 2592 Sprattii
1515 2540 1610 2595 mappa
1627 2537 1690 2578 sunt

63 2602 207 2671 legendum
226 2602 355 2655 Σύλλειον.
371 2608 407 2656 At
418 2622 470 2656 sec.
483 2603 583 2673 reliqua
598 2621 656 2673 quae
667 2603 701 2655 de
714 2603 794 2674 Syllio
806 2613 856 2655 tra-
903 2602 987 2655 stadia
1005 2602 1049 2654 25.
1062 2604 1156 2672 Itaque
1164 2598 1332 2653 scribendum
1343 2610 1433 2653 nostro
1446 2600 1503 2652 loco
1516 2606 1554 2654 ιε’.

64 2680 172 2733 duntur
184 2682 210 2733 in
226 2681 293 2733 Tab.
307 2684 382 2734 Peut.
399 2692 425 2733 et
434 2680 504 2751 apud
518 2681 673 2734 Strabonem
684 2699 711 2752 p.
726 2684 776 2750 667
788 2682 799 2747 (
809 2681 855 2733 ubi
939 2684 954 2750 ς
971 2687 1032 2736 223.
1049 2680 1174 2733 Ἀτάλειαν
1187 2683 1235 2747 et§
1247 2684 1297 2742 ατί.
1315 2677 1437 2740 'Amidae
1452 2678 1512 2731 cod.
1522 2681 1600 2733 Nunc
1614 2681 1689 2734 Ada-

65 2780 166 2814 nomen
181 2760 298 2814 Σύλλειον
310 2760 408 2813 excidit
420 2764 430 2829 )
444 2772 471 2813 et
481 2770 591 2823 ceteros,
605 2761 653 2812 sita
666 2760 730 2813 urbs
744 2778 799 2812 esse
810 2759 856 2812 de·
904 2759 952 2812 lta.
970 2762 1066 2831 Spratt.
1076 2762 1099 2824 1,
1114 2777 1143 2829 p.
1159 2776 1208 2810 211
1223 2774 1229 2810 t
1247 2758 1322 2810 ·The
1333 2758 1428 2810 houses
1439 2757 1491 2810 and
1503 2758 1573 2811 walls
1583 2762 1690 2820 contain

65 2840 148 2894 bebat
167 2860 221 2895 non
238 2842 274 2895 ita
288 2840 365 2912 longe
383 2860 398 2894 a
417 2842 509 2910 Perge,
530 2839 564 2893 ad
584 2857 693 2910 eamque
714 2837 856 2893 referendae
903 2857 982 2910 many
993 2838 1135 2908 fragments
1147 2836 1178 2892 ol
1186 2836 1328 2910 sculpture,
1342 2836 1475 2903 columns,
1492 2837 1545 2892 and
1559 2839 1690 2895 inscribed

67 2931 133 2973 sunt
160 2923 257 2985 rninae,
290 2939 348 2991 quae
373 2930 500 2973 vocantur
522 2919 601 2972 δαιτί
628 2921 639 2986 (
661 2917 730 2971 Vide
758 2919 853 2990 Spratt.
903 2917 1010 2982 bloclxs,
1031 2917 1172 2971 indicative
1186 2916 1217 2969 ol
1227 2917 1271 2969 tbe
1291 2918 1396 2970 ancient
1416 2929 1506 2970 extent
1524 2919 1577 2971 and
1593 2920 1690 2991 impor-

67 3002 106 3062 11,
121 3017 202 3071 eosq.
214 3002 235 3069 ).
249 3001 369 3070 Denique
381 3018 435 3052 non
445 3001 480 3051 ita
490 3016 583 3068 magna
595 3009 634 3051 est
643 2997 754 3068 Scylacis
766 3008 856 3051 aucto·
904 3006 979 3050 tance
992 2996 1024 3049 os
1031 2997 1075 3049 the
1086 2998 1168 3050 site...
1181 2996 1239 3048 The
1256 2996 1321 3066 style
1336 2995 1368 3048 os
1376 2996 1446 3048 these
1458 2997 1533 3050 relico
1545 2998 1566 3050 is
1577 2999 1689 3051 invaria-

67 3081 134 3132 ritas
150 3079 184 3132 de
200 3079 310 3132 urbibus
327 3078 537 3141 mediterraneis,
551 3095 636 3146 neque
650 3076 795 3147 quidquam
807 3081 857 3130 Ar·
904 3075 947 3147 bly
964 3078 1076 3140 Roman,
1091 3075 1145 3128 and
1167 3075 1199 3127 ol
1207 3093 1223 3127 a
1238 3073 1299 3126 date
1313 3076 1434 3144 agreeing
1452 3076 1515 3128 with
1531 3076 1586 3128 that
1597 3076 1629 3129 os
1646 3078 1690 3130 the

67 3160 137 3210 riani
149 3157 455 3222 namtionedirimitur5
466 3175 527 3209 narn
543 3154 716 3209 Alexandera
729 3155 790 3209 Side
801 3157 856 3227 Syl·
905 3154 1062 3206 soundation
1074 3153 1107 3205 os
1124 3153 1243 3206 Attaleia.
1264 3154 1342 3204 From
1357 3152 1389 3204 all
1403 3153 1476 3204 these
1489 3153 1635 3220 evidcnees,
1651 3174 1690 3208 we

69 3237 150 3300 lium,
166 3236 253 3288 relicta
268 3254 281 3288 a
295 3237 406 3302 sinistris
422 3233 557 3306 Aspendo,
572 3233 702 3305 proficisci
714 3235 810 3304 potuit,
831 3245 857 3286 et
902 3251 947 3286 are
956 3231 1079 3304 disposed
1089 3229 1201 3302 toadopt
1208 3231 1251 3283 the
1259 3231 1367 3301 opinion
1376 3229 1518 3284 olColonel
1525 3232 1619 3297 lecke,
1629 3233 1689 3286 who

68 3327 209 3386 postquam
220 3314 254 3368 ad
264 3315 371 3386 Syllium
382 3313 415 3366 de
427 3313 622 3385 Aspendiorum
633 3312 749 3365 tumultu
760 3314 857 3366 certior
903 3329 1029 3382 supposes
1043 3309 1136 3364 Adalia
1149 3320 1178 3362 to
1191 3320 1325 3380 represent
1336 3311 1363 3361 in
1376 3308 1439 3362 both
1453 3327 1531 3362 name
1542 3309 1593 3363 and
1606 3311 1701 3383 place„

70 3395 154 3447 lactus
165 3404 241 3458 esset,
251 3404 322 3446 retro
334 3403 416 3447 castra
431 3411 536 3446 movere
548 3403 640 3444 contra
657 3391 819 3464 Aspendum.
903 3389 948 3440 the
958 3391 1010 3460 city
1025 3386 1142 3441 founded
1155 3387 1190 3459 hy
1201 3385 1303 3441 Attalus
1316 3385 1514 3458 Philadelphus;
1529 3386 1582 3440 and
1593 3388 1689 3442 weseel

108 3476 196 3541 8218.
216 3473 279 3526 flac
292 3472 409 3544 supplevi
422 3471 586 3525 dubitanter.
600 3470 701 3539 Quodsi
723 3473 751 3523 in
769 3475 784 3540 S
805 3489 856 3542 219
903 3467 1017 3520 satislied
1043 3468 1100 3520 that
1120 3468 1230 3539 Captain
1252 3465 1375 3519 Beaulort
1395 3464 1473 3519 could
1497 3477 1544 3519 not
1561 3468 1627 3520 have
1649 3489 1690 3521 re-

69 3569 195 3604 numerus
207 3551 226 3614 ἔ
239 3561 309 3604 recte
322 3551 410 3614 babet,
426 3551 575 3621 Kuvoodprov
586 3549 620 3602 ad
632 3551 718 3620 ipsum
728 3551 856 3621 Eur-yme—
903 3544 1000 3615 garded
1014 3547 1073 3598 itas
1084 3544 1161 3598 Olbia
1175 3545 1223 3610 (in
1240 3543 1327 3596 which
1338 3543 1447 3614 opinion
1462 3543 1550 3598 hehas
1564 3544 1630 3598 been
1641 3546 1688 3600 lol-

70 3630 178 3683 dontem
192 3631 307 3701 positum
322 3630 424 3682 essevel
438 3631 548 3682 minimo
560 3629 696 3682 intervallo
708 3627 856 3699 sejunctum
902 3623 987 3678 lowed
1007 3624 1041 3695 by
1061 3625 1111 3676 Dr.
1131 3623 1275 3693 Cramer),
1294 3621 1348 3675 had
1366 3623 1399 3675 be
1416 3621 1483 3676 been
1501 3624 1640 3696 pennitted
1662 3638 1689 3679 to

70 3727 128 3762 esse
137 3709 255 3762 debebat.
269 3709 340 3761 Nihil
359 3708 439 3778 igitur
447 3726 575 3779 repugno,
589 3709 610 3760 si
624 3711 700 3777 §217
711 3707 790 3761 luisse
802 3725 855 3760 ma·
903 3704 979 3756 make
992 3722 1020 3756 as
1031 3702 1100 3756 close
1111 3701 1164 3756 and
1175 3702 1306 3782 extensive
1320 3702 1536 3755 examinationol
1545 3703 1589 3756 tbe
1599 3704 1651 3774 city
1661 3721 1689 3756 as

71 3787 134 3842 velis
149 3787 213 3850 είς...
232 3787 402 3860 Εὐρυμέδοντα
417 3787 427 3856 [
441 3788 483 3840 καὶ
496 3789 654 3859 Κυνοσάριον.
668 3788 678 3857 ]
902 3781 1224 3836 wewereenabledtodo.
1239 3808 1250 3828 ι
1264 3779 1342 3852 Apud
1353 3781 1508 3836 Strabonem
1516 3785 1543 3836 in
1553 3781 1688 3837 codicibus

110 3871 124 3936 S
146 3873 205 3924 219.
232 3866 449 3938 Κυνοσαρίου]
467 3867 505 3918 sic
524 3866 624 3930 codex;
645 3863 792 3934 Κυνοσδρίου
811 3863 854 3917 οιί.
903 3863 938 3916 ita
953 3863 1068 3932 legitur:
1087 3860 1229 3925 Ἀττάλεια,
1243 3860 1368 3932 ἐπώνυμος
1377 3864 1421 3914 τοῦ
1430 3863 1555 3924 κτίσαντος
1564 3862 1689 3917 Φιλαδέλ-

71 3949 157 4000 lriart.
165 3946 378 4000 Nomenaliunde
386 3965 439 3998 non
448 3957 550 3998 notum.
559 3948 629 3998 Num
637 3941 856 4013 οιαῑίίυνδςῆρισν,
904 3959 948 4008 pou
958 3942 1000 3995 ani
1008 3940 1145 4003 οἰκίσαντος
1155 3939 1188 4002 εἰς
1200 3940 1314 4010 Κώρυκον
1324 3940 1454 4010 πολίχνιον
1469 3941 1550 4008 άλλην
1564 3943 1688 3996 κατοικίαν

75 4027 151 4078 Craris
160 4037 357 4088 monumentum,
371 4027 447 4078 sicuti
461 4024 537 4086 Κυνδς
548 4027 615 4094 σῆμα
627 4022 707 4075 habas
717 4023 743 4074 in
753 4039 800 4074 ora
809 4023 858 4075 Ca·
903 4022 996 4092 ὅμορον
1006 4021 1048 4073 καί
1058 4022 1135 4092 μείζω
1143 4019 1273 4090 περίδολον
1285 4021 1430 4089 περιθέντος.
1443 4019 1595 4089 chendum
1606 4033 1687 4091 puto:

73 4106 128 4158 rica
141 4103 251 4171 (strabo
262 4121 289 4174 p.
299 4102 367 4174 656)
381 4113 406 4155 et
416 4103 514 4173 Libyca
524 4104 534 4170 (
546 4100 587 4154 Id.
596 4119 623 4172 p.
638 4119 700 4170 799.
711 4109 737 4151 et
745 4099 855 4171 Hecat.)
947 4101 1127 4161 συνοικίσαντος
1137 4098 1169 4161 είς
1184 4095 1280 4169 [αὐτὴν]
1293 4097 1407 4168 Κώρυκον
1417 4098 1547 4167 πολίχνιον
1555 4100 1596 4150 καὶ
1608 4101 1687 4166 ἄλλην

73 4193 102 4236 et
108 4185 133 4236 in
142 4183 300 4235 Chersoneso
308 4182 455 4234 Thracica?
466 4184 506 4233 De
513 4181 602 4249 Perge
611 4181 705 4244 ruinis,
717 4189 746 4231 ut
756 4181 856 4232 mittam
904 4178 912 4250 (
926 4179 965 4232 vel
977 4179 1018 4230 καὶ
1032 4177 1172 4247 Ἆλλόιιραν
1182 4181 1194 4246 )
1203 4176 1328 4228 κατοικίαν
1343 4177 1445 4246 ὅμορον.
1457 4176 1498 4229 Cl.
1509 4178 1598 4247 Steph.
1608 4181 1685 4248 Byz.:

73 4261 239 4330 antiquiores,
252 4277 277 4311 ν.
293 4259 390 4330 Spratt.
400 4259 419 4312 l.
432 4258 451 4311 l.
462 4261 497 4322 Ii,
511 4277 538 4330 p.
557 4261 598 4313 18.
905 4255 1063 4311 Ἆττάλεια...
1076 4258 1193 4327 πρότερον
1208 4253 1356 4326 Ἇγρόειραῆ
1367 4253 1503 4324 illidamur,
1514 4255 1538 4306 ol
1551 4255 1577 4309 δὲ
1586 4254 1631 4322 τὴν
1646 4257 1688 4308 lit-

111 4341 196 4407 sato.
209 4338 312 4390 Inclusa
323 4337 451 4408 supplevit
463 4337 573 4390 Gallius.
590 4333 762 4401 Ῥουσκόιτσυς,
776 4335 857 4389 modo
902 4338 981 4398 λικίας
990 4337 1104 4406 Ιίώρυκον
1118 4334 1182 4387 οὕτω
1191 4335 1250 4405 psol
1260 4334 1384 4405 λέγεσθαι.
1398 4335 1440 4388 Cl.
1456 4335 1542 4388 Schol.
1557 4334 1590 4388 ad
1603 4339 1685 4389 [σου.

75 4430 143 4473 recte
160 4436 255 4471 nornen
270 4416 374 4481 babeat,
396 4417 504 4470 sortasse
520 4428 559 4470 est
572 4418 800 4488 promontorium,
823 4416 856 4469 ad
903 4415 958 4467 ind.
975 4415 1073 4467 Eccles.
1086 4432 1114 4484 p.
1129 4417 1162 4476 48
1177 4430 1184 4465 t
1202 4413 1341 4467 ὑπόκεινται
1354 4418 1386 4486 τῇ
1397 4413 1480 4486 Πέργῃ
1494 4414 1535 4465 καὶ
1549 4455 1568 4466 ..
1585 4414 1687 4486 dhayl·

76 4497 144 4569 quod
156 4496 217 4549 hod.
231 4507 270 4549 est
284 4501 372 4548 Laam
385 4498 467 4549 vicus.
481 4498 592 4549 Distata
609 4497 692 4548 Cestri
707 4497 779 4548 lluvii
789 4498 857 4548 ostio
902 4514 951 4547 νων
964 4494 1028 4546 καὶὸ
1041 4492 1233 4554 Παλαιοπδλειος
1247 4491 1302 4558 ἤτοι
1317 4491 1443 4563 Ἆλεερῶν.
1463 4491 1555 4546 Suidas
1569 4512 1594 4547 v.
1606 4494 1688 4565 liope-

77 4575 218 4640 stertinio,
241 4577 410 4628 aCataractae
424 4577 497 4628 lluvii
521 4577 588 4628 ostio
607 4576 721 4628 maxime
737 4575 856 4627 orientali
902 4576 972 4636 κοῖος
996 4575 1129 4646 Corycum
1152 4590 1208 4624 esse
1227 4573 1439 4642 promontorium
1454 4590 1537 4644 prope
1560 4572 1686 4626 Attaleam

77 4656 143 4709 eima
163 4653 244 4706 stadia
258 4653 301 4707 io.
323 4655 420 4724 Spratt.
438 4654 457 4706 l.
480 4653 497 4708 l.
516 4671 576 4708 cum
591 4653 656 4708 hod.
681 4657 769 4708 Luam
790 4653 857 4707 male
901 4650 991 4705 relcrt.
1008 4651 1132 4703 (laterum
1144 4651 1179 4703 G.
1194 4652 1258 4702 Rav.
1273 4651 1309 4714 V,
1322 4669 1338 4719 7
1350 4647 1566 4720 interhlagydum
1577 4660 1603 4702 et
1613 4655 1686 4704 Atta·

77 4733 205 4802 componit
215 4731 367 4803 Macydum.
901 4729 963 4784 liam
977 4729 1085 4783 collocat
1097 4727 1213 4782 Erinudt'
1226 4729 1324 4783 locum.

115 4813 128 4878 S
143 4815 201 4866 221.
218 4809 387 4882 Μάσουραν
397 4812 407 4882 ]
419 4811 469 4864 Hic
482 4809 671 4880 quoquelocus¹
682 4808 787 4862 aliunde
803 4828 856 4864 non
937 4815 1027 4878 §2²⁴-
1041 4809 1190 4878 Τένεδος]
1211 4808 1358 4878 Stephanus
1372 4825 1398 4860 v.
1417 4806 1517 4868 Τένεδος
1538 4823 1544 4860 :
1572 4806 1623 4860 ἔστι
1644 4807 1687 4860 καὶ

81 4899 153 4944 notus
163 4900 210 4954 est,
235 4887 403 4942 collocandus
421 4887 454 4940 ad
472 4887 597 4942 orientale
616 4889 770 4941 Catamactae
784 4889 856 4942 lluvii
902 4888 973 4951 πόλις
989 4889 1089 4949 Τένεδος
1107 4888 1165 4958 πρὸς
1187 4890 1219 4959 τῇ
1236 4887 1320 4958 Λυκία.
1342 4885 1524 4957 Ἀπολλόδωρος
1540 4885 1567 4938 δὲ
1584 4885 1686 4957 Παμφυ-

80 4967 254 5036 (lladni-Su)
281 4969 393 5032 ostium,
421 4965 537 5037 Μάγυδος
562 4967 694 5021 Ptolemaei
718 4985 771 5019 non
797 4986 857 5020 cum
901 4967 956 5029 λίας
968 4963 1043 5031 αὖτὴν
1054 4963 1119 5019 εἷναί
1131 4985 1200 5036 φησι.
1213 4964 1302 5019 Stadia
1320 4983 1355 5019 ao
1370 4966 1472 5019 ducunt
1484 4964 1517 5017 ad
1536 4965 1625 5018 ruinas
1637 4965 1685 5018 loci

80 5049 191 5108 illusura,
209 5045 255 5098 sed
268 5063 328 5098 cum
349 5045 469 5116 Mygdale
485 5045 623 5099 Stadiasmi
642 5045 856 5117 componendus,
902 5048 1004 5116 egregie
1017 5057 1211 5099 naturaetarte
1225 5047 1319 5099 muniti
1329 5045 1363 5098 ad
1371 5047 1454 5116 ripam
1466 5045 1596 5098 sinistram
1611 5045 1686 5097 Amb

81 5125 197 5180 suadente
213 5127 330 5178 nomine.
348 5126 358 5194 ll
370 5155 406 5166 -
428 5125 495 5186 τοδς
513 5125 716 5196 Sarapiacae
730 5127 739 5196 ]
753 5124 795 5178 rhv
809 5125 858 5177 lia·
901 5127 985 5178 lluvii.
995 5125 1145 5178 Tenedusa
1156 5124 1262 5194 reliquis
1271 5125 1442 5196 scriptoribus
1452 5142 1505 5177 non
1515 5133 1685 5176 memoratur.

82 5205 195 5274 ταρίκτην
208 5221 259 5257 sec.
271 5204 415 5276 Scylacem,
431 5203 537 5267 lllelam,
553 5205 676 5268 Plinium,
691 5205 856 5270 Strahoncm,
902 5207 1025 5258 Proxime
1046 5203 1080 5257 ab
1093 5203 1187 5258 Attalia
1203 5202 1268 5256 urhe
1282 5201 1352 5275 apud
1374 5204 1438 5258 alios
1457 5205 1566 5276 ponitur
1582 5201 1686 5268 Ὀλῦία,

82 5299 144 5354 quos
163 5281 235 5348 ride;
257 5281 301 5336 sed
322 5293 381 5355 apte
397 5283 502 5355 pluralis
523 5281 640 5336 adhiberi
658 5285 756 5355 potuit,
772 5302 854 5356 quum
904 5286 968 5356 μέγα
985 5281 1061 5355 ἔρυμα
1076 5281 1199 5355 (Strabo.
1214 5301 1240 5354 p.
1252 5286 1303 5352 667
1314 5287 1334 5352 ),
1350 5301 1429 5354 quam
1443 5279 1686 5352 cregiunehlaaydi
