3775 5750
632 634 1066 753 PRAEFATIO.

767 1036 988 1068 “OC-¹¹¹¹·-

102 1316 222 1389 Studia
249 1317 488 1417 geographica
510 1332 550 1391 ut
568 1320 731 1417 angustis
756 1319 854 1419 apud
885 1325 1069 1395 Romanos
1097 1322 1274 1397 limitibus
1300 1322 1586 1399 continebantur
1612 1351 1657 1399 ac

63 1440 297 1512 subsistebant
320 1442 392 1513 sere
415 1443 453 1512 in
471 1442 706 1516 dimetiendis
730 1445 873 1543 imperii
899 1446 1110 1543 provinciis,
1132 1448 1184 1519 sic
1197 1446 1294 1545 apud
1315 1452 1459 1521 Graecos
1485 1449 1656 1521 latissime

62 1564 219 1659 patebant
233 1590 436 1662 coriumque
451 1590 516 1663 per
529 1591 641 1639 omne
655 1583 799 1666 tempus
817 1583 920 1639 erant
931 1567 1080 1640 deliciae.

102 1690 198 1758 Nosti
216 1688 380 1783 juvenile
398 1691 515 1785 gentis
531 1689 731 1787 ingenium.
753 1694 781 1761 ll
800 1692 944 1763 Graeciae
972 1690 1077 1763 litore
1103 1693 1279 1765 lacinioso
1299 1694 1355 1765 vel
1382 1695 1520 1768 serenis
1547 1698 1658 1767 loniae

63 1810 159 1905 plagis
174 1836 274 1882 mare
289 1828 528 1910 prospectans
540 1839 632 1911 puer
647 1812 802 1886 ardescit
811 1813 1094 1915 longinquarum
1105 1832 1279 1889 terrarum
1294 1816 1476 1889 desiderio
1490 1833 1525 1889 et
1541 1843 1583 1889 ex
1596 1844 1658 1891 ore

62 1935 181 2029 pendet
195 1934 261 2005 diu
277 1937 393 2032 vagati
407 1952 524 2011 nautae
541 1939 676 2027 Carici;
696 1940 751 2013 vir
765 1937 916 2029 deinde,
930 1940 961 2013 si
978 1940 1067 2013 ferat
1082 1941 1242 2031 fortuna,
1255 1942 1378 2015 audita
1393 1958 1561 2042 properat
1583 1944 1657 2015 suis

62 2083 220 2155 usurpare
236 2058 356 2131 oculis
370 2074 479 2157 atque
497 2086 591 2133 nova
607 2060 740 2134 addere
758 2065 869 2149 notis,
889 2078 931 2135 ut
945 2064 1059 2137 redux
1078 2064 1225 2137 tandem
1247 2066 1321 2137 visa
1338 2066 1587 2141 circumstanti
1604 2090 1659 2139 re·

62 2182 132 2252 citet
160 2207 306 2253 coronae
329 2182 517 2281 literisque
541 2184 689 2257 condita
710 2184 827 2257 tradat
852 2187 1065 2283 posteritati.
1083 2188 1142 2258 Sic
1167 2189 1204 2259 iu
1228 2188 1347 2287 primo
1367 2189 1486 2259 statim
1510 2189 1611 2287 quod
1639 2214 1659 2260 e

62 2328 161 2399 prosae
175 2305 354 2377 orationis
367 2305 603 2383 incunabulis
620 2306 758 2405 prodiit
775 2332 886 2406 opere
904 2312 977 2405 ἀνὴρ
1004 2316 1216 2393 πολυπλανὴς,
1236 2315 1432 2397 llecataeus,
1453 2309 1574 2381 natira
1596 2334 1659 2381 na·

63 2427 182 2497 scentia
205 2428 389 2499 sermonis
413 2428 643 2527 simplicitate
658 2430 788 2503 orbem
813 2446 989 2503 terrarum
1004 2431 1163 2531 paudere
1185 2433 1356 2505 instituit.
1375 2429 1589 2526 Cujusmodi
1613 2433 1660 2505 ab

64 2547 161 2619 initiis
174 2550 339 2648 proiecta
356 2552 574 2649 geographia
595 2554 704 2625 latius
723 2554 882 2627 subinde
904 2557 1099 2653 exspatiata
1121 2570 1186 2627 est.
1209 2560 1251 2627 Et
1271 2579 1385 2653 quum
1403 2554 1593 2653 multiplex
1613 2556 1661 2627 sit

63 2688 302 2763 argumentum
313 2698 355 2743 ac
363 2673 553 2771 plerasque
562 2674 732 2749 scientias
742 2676 921 2747 humanas
934 2678 1097 2773 attingat,
1111 2677 1169 2747 vix
1182 2675 1298 2747 ullum
1308 2674 1445 2747 Graecia
1453 2672 1658 2745 studiorum

64 2795 271 2866 turriculum
288 2796 392 2867 inivit
409 2798 500 2896 quin
516 2799 688 2871 comitem
700 2824 740 2871 se
754 2800 963 2898 adjungeret
976 2798 1202 2899 geographia,
1217 2822 1385 2898 qumana
1402 2795 1657 2896 logographos,

64 2919 240 3015 sophistas,
264 2920 519 3019 philosophos,
532 2922 739 3014 historicos,
757 2949 877 2996 rerum
895 2925 1113 2996 naturalium
1130 2938 1357 3012 scrutatores,
1371 2919 1657 3006 mathematicos,

64 3058 294 3132 astronomos,
311 3060 451 3135 nautas,
471 3061 699 3136 mercatores,
721 3045 1014 3120 diversicolorem
1031 3072 1117 3119 sane
1140 3061 1297 3144 gentem,
1316 3046 1426 3117 vastis
1447 3045 1523 3116 suis
1535 3043 1661 3141 spatiis

64 3169 196 3264 excepit.
212 3168 386 3264 Denique
403 3183 488 3265 post
509 3167 703 3241 Claudium
719 3170 967 3262 Ptolemaeum,
981 3171 1105 3242 lumen
1121 3169 1304 3258 ultimum,
1326 3193 1391 3266 per
1407 3168 1557 3264 longum
1580 3165 1659 3238 lite·

65 3313 168 3360 rarum
180 3291 440 3388 crepusculum
452 3317 527 3363 non
538 3308 642 3366 aucta
653 3293 802 3390 quidem
816 3311 871 3367 est
879 3294 1028 3367 scientia
1045 3291 1294 3391 geographica,
1304 3291 1404 3364 haud
1416 3293 1522 3390 pauci
1539 3307 1659 3362 tamen

66 3413 354 3502 commutandis,
376 3414 601 3512 colligendis,
617 3415 855 3514 excerpendis
868 3431 1096 3489 vetustorum
1108 3414 1398 3514 geographorum
1412 3415 1554 3510 scriptis
1571 3437 1658 3510 ope·

68 3560 128 3605 ram
144 3537 343 3626 navabant,
360 3537 565 3634 usquedum
585 3539 760 3636 ingruens
785 3537 964 3611 barbariei
985 3537 1099 3634 caligo
1120 3539 1190 3609 situ
1219 3562 1286 3608 suo
1313 3536 1438 3608 omnia
1460 3535 1659 3632 obtegeret.

105 3664 180 3731 Post
200 3661 320 3732 diram
350 3675 495 3731 noctem
526 3677 735 3733 renascente
756 3661 907 3732 demum
923 3661 1004 3742 luce
1023 3661 1227 3749 literarum,
1250 3673 1287 3732 et
1314 3683 1539 3756 unoquoque
1556 3683 1659 3730 suam

68 3781 306 3854 dinumerante
337 3783 540 3874 fortunam,
579 3784 688 3856 nobis
709 3783 886 3883 quidnam
911 3783 1189 3884 perduraverat?
1212 3787 1244 3854 0
1270 3798 1424 3880 stragem
1445 3783 1658 3874 immanem,

65 3902 223 3994 jacturam
250 3905 539 4004 irreparabilem!
571 3913 600 3978 E
621 3909 729 3979 tantis
752 3908 1124 4006 locupletissimorum
1151 3906 1330 3978 librorum
1353 3905 1489 3978 divitiis
1510 3907 1578 3976 tria
1604 3907 1661 3976 vix

69 4031 182 4126 sen'pta
201 4030 350 4125 majora,
369 4031 571 4120 Strabonis,
592 4031 787 4122 Ptolemaei,
809 4032 1005 4122 Hermolai‚
1028 4031 1158 4104 servari
1175 4030 1337 4125 contigit.
1361 4033 1405 4100 Et
1424 4053 1471 4100 ne
1493 4028 1569 4100 haec
1583 4029 1662 4126 qui·

70 4150 138 4222 ulem
149 4153 244 4224 salva
251 4143 401 4250 prorsus
411 4169 642 4226 emerserant.
656 4160 747 4228 Nam
758 4155 948 4227 Strabonis
962 4171 998 4228 et
1011 4153 1190 4226 Ptolemaei
1206 4151 1321 4225 libros
1331 4167 1556 4250 quantopere
1570 4165 1660 4222 tern-

71 4297 182 4366 quirum
201 4277 336 4372 injuria·
351 4290 387 4346 et
408 4276 611 4348 scribarum
632 4277 825 4349 doctorum
842 4277 1000 4368 licentia,
1019 4276 1253 4352 indoctorum
1274 4273 1439 4347 socordia
1460 4273 1657 4356 loedaverit,

72 4397 276 4494 Stephanum
302 4423 389 4469 vero
403 4398 450 4469 ab
467 4399 661 4472 Hermolao
681 4400 884 4472 breviatum
905 4426 1015 4498 quam
1037 4400 1197 4471 lacerum
1223 4398 1483 4496 eripuerimus,
1509 4397 1592 4492 quis
1606 4409 1662 4466 est

71 4523 122 4614 qui
139 4524 292 4594 nesciat?
302 4527 384 4592 llaec
399 4523 509 4619 igitur
522 4539 712 4596 auctorum
729 4525 814 4596 trias
828 4548 944 4620 quum
962 4525 1007 4595 sit
1022 4525 1126 4621 quasi
1140 4517 1320 4619 κλειδοῦχος
1332 4545 1411 4618 quae
1422 4535 1578 4592 veterem
1594 4544 1661 4591 no·

73 4639 119 4713 his
135 4647 255 4720 orbem
271 4648 446 4737 recludat,
466 4663 503 4720 et
515 4674 726 4745 magnoru
737 4674 773 4720 m
795 4648 1085 4747 geographorum
1102 4649 1253 4719 nomine
1268 4645 1489 4741 designetur,
1504 4644 1660 4716 multum

75 4779 176 4840 tamen
190 4772 290 4843 abest
306 4787 346 4842 ut
360 4769 515 4844 modicis
531 4772 606 4843 suis
621 4772 872 4844 voluminibus
883 4769 1171 4868 magnitudinem
1186 4785 1221 4841 et
1235 4769 1443 4841 varietatem
1459 4765 1660 4864 argumenti

74 4887 208 4985 ingentis
220 4896 366 4993 assequi
380 4897 552 4992 potuerit.

113 5020 226 5115 ltaque
244 5021 444 5119 plurimum
468 5021 576 5092 refert
601 5036 718 5092 cetera
736 5021 957 5119 cognitionis
978 5019 1225 5117 geographicae
1254 5019 1496 5090 instrumenta
1519 5015 1661 5088 curiose

78 5136 331 5231 rucumspicere
345 5137 383 5211 et'
397 5142 435 5213 in
452 5169 540 5218 usus
570 5161 716 5216 nostros
736 5161 959 5217 convertere.
977 5143 1182 5240 Principem
1201 5168 1286 5214 vero
1305 5143 1399 5213 inter
1411 5165 1451 5212 ea
1472 5139 1593 5211 locum
1610 5151 1662 5208 te·

140 5238 217 5289 «son,
239 5256 260 5298 1,
1495 5273 1511 5308 (ι
1530 5301 1531 5304 ,
