3775 5750
79 286 155 363 (ιι.)
578 278 764 342 erasmus
784 277 902 338 uaris
922 277 1146 337 summam.
1292 287 1297 294 ·
1637 291 1690 343 ιιι

80 413 153 474 κατθι
163 411 278 487 πίλαγος
289 409 368 468 άλλαι
379 411 454 480 νῆσοι
464 406 557 488 μικραί
569 409 599 466 la
611 407 700 476 δεξιῶν
714 410 723 485 (
736 405 867 485 άμμιναί)
910 417 1030 486 emporio
1049 417 1077 467 in
1090 415 1169 468 altoa
1182 414 1283 468 dextris
1297 425 1360 468 sunt
1372 416 1429 469 alite
1443 418 1591 490 complures
1606 421 1696 474 insule

81 501 213 572 πλείονες,
228 496 367 557 Ἀλοιλαίου
382 494 538 574 λεγόμεναι,
562 495 681 574 χελώνην
696 495 803 574 ἔχουσαι
819 492 867 565 τὴν
910 519 1016 572 mrim,
1037 499 1125 555 Alalaei
1138 499 1228 566 dictae,
1241 499 1399 555 testudinem
1420 502 1554 571 habentos,
1573 523 1654 577 quam
1668 507 1696 559 iu

81 589 118 654 είς
132 587 163 646 τὸ
177 585 302 664 ἐμπόριον
314 583 459 664 φερομίνην
471 582 522 642 ὑπὸ
532 585 584 642 τῶν
597 581 786 661 Ἰχθυοφάγων.
912 586 1061 657 emporium
1073 586 1260 658 Ichthyophagi
1272 585 1422 658 deportant.

122 695 147 737 s.
170 673 227 734 Καὶ
244 671 295 730 tol
307 671 420 730 σταδίων
431 669 490 737 deal
503 669 663 728 ὀκτακοσίων
675 669 770 735 κόλπος
784 667 870 748 ίτιρος
951 673 978 725 5.
993 675 1078 726 Porro
1096 684 1156 744 post
1168 673 1316 754 octingenta
1332 672 1387 727 lere
1401 675 1485 729 stadia
1495 676 1561 730 alius
1574 687 1614 730 est
1626 678 1699 730 sinus

59 762 243 842 ιβαθῦτατος,
272 751 302 818 05
322 757 391 818 ml*
414 756 463 830 τὴν
482 754 600 828 Εἷςόθλὴν
623 759 650 816 ll
672 755 761 824 δῑξῑῠῖς
781 755 870 833 ἅμμος
911 766 1149 840 profundissimus,
1167 767 1245 838 cujus
1258 769 1293 822 ad
1306 771 1446 824 introitum
1460 790 1476 824 a
1490 773 1591 825 dextris
1605 791 1699 843 magna

82 851 141 910 ἐστὶ
154 848 240 920 πολλὴ
252 845 399 926 septuplis,
412 845 470 905 καθ’
481 837 512 917 ἧς
523 847 550 904 lt
566 843 640 923 βίθῑί
650 844 816 924 'stuwi-⁸505
828 847 868 902 ῐῦ·
912 865 952 916 vis
962 881 1047 917 arenae
1058 863 1115 918 lusa
1125 863 1205 934 jacet,
1221 864 1267 917 uhi
1279 866 1307 917 in
1319 865 1454 936 profundo
1468 869 1706 940 reperituropsia-·

85 938 204 1019 llum*
218 939 233 996 ὁ
246 934 351 1015 ddtavlq
364 934 449 1008 litor,
464 935 490 1040 ί]
505 932 590 1010 lulli
606 931 672 1038 po'vp
686 935 800 1040 mulis·
810 954 870 1038 l‘s
913 979 964 1033 nus
978 960 1059 1032 lapis,
1075 961 1119 1013 hic
1130 971 1233 1013 tantum
1251 960 1302 1014 loci
1317 963 1395 1014 unice
1402 967 1574 1040 proveniens.
1612 968 1699 1038 Impc·
1805 955 1813 1005 ί

84 1026 209 1101 νόιμενος.
251 1022 391 1084 meanto
409 1020 437 1080 ll
452 1045 504 1080 των
522 1019 609 1079 τόπων
628 1043 726 1078 τουτων
747 1021 800 1077 ἀπο
817 1043 871 1078 των

86 1111 275 1192 Μοσχοράγων
294 1109 374 1189 μέχρι
387 1112 434 1181 τῆς
448 1107 530 1181 άλλης
545 1105 698 1187 Βαρδαρίας
713 1105 871 1180 Ζωοκοίλης,

47 1220 72 1258 ιο
87 1199 200 1280 ιἰκριδὴς
218 1197 266 1276 μίν
289 1203 335 1256 τοῦ
359 1197 416 1276 βίου
438 1197 485 1254 καί
499 1200 544 1255 τοῦ
566 1193 681 1261 πλείονος
705 1193 870 1274 ἐξεχόμινος,

85 1296 203 1368 γενναῖος
216 1285 244 1346 dl
258 1286 318 1366 περὶ
329 1284 363 1346 sd
376 1283 456 1346 λοιπὰ
470 1283 515 1343 καλ
526 1283 690 1362 γραμμάτων
705 1281 871 1354 Ἑλληνικῶν

85 1377 217 1456 lum-‘W'
914 1358 1077 1414 Graeoerum.

126 1483 152 1525 t.
171 1463 313 1544 Προχωριί
340 1459 367 1520 δὲ
390 1463 426 1528 είς
448 1459 507 1528 τοὺς
535 1459 630 1526 τόπους
652 1457 756 1525 τούτους
777 1457 872 1536 ίμάτια
952 1461 1172 1531 6.1mportantur
1186 1459 1283 1513 inhrec
1296 1461 1353 1514 loca
1367 1472 1449 1515 vestm
1460 1462 1606 1516 barbarea
1624 1463 1701 1518 lullo·

88 1549 241 1631 βαρδαριιιθ
249 1551 354 1629 άγναροι
366 1547 400 1605 τά
411 1549 438 1606 lv
448 1547 577 1628 Αίγόπτιμ
586 1545 723 1624 γινόμενα,
736 1545 869 1626 'ripamon-
916 1547 996 1600 nibus
1008 1565 1061 1600 uon
1073 1548 1201 1612 subacta,
1215 1566 1275 1618 quae
1287 1550 1315 1601 in
1324 1549 1435 1620 AEgppto
1447 1549 1641 1616 conficiuntur,
1654 1555 1703 1605 Ar·

49 1669 73 1708 ta
89 1637 161 1698 τικαλ
176 1636 267 1698 στολαὶ
280 1636 326 1696 καλ
340 1635 452 1696 άδόλλαι
465 1637 534 1696 νόθοι
545 1635 710 1715 χρωμάτιναι
723 1634 768 1693 καὶ
781 1632 870 1692 λίντια
916 1635 1048 1687 sinoetloee
1061 1634 1132 1687 εἰσίω
1143 1647 1169 1687 ct
1186 1634 1278 1688 abollae
1288 1633 1429 1688 adulterini
1440 1635 1536 1689 colorei
1550 1647 1577 1689 ct
1586 1637 1665 1690 lintea
1677 1646 1711 1690 et‘

87 1727 133 1784 καί
147 1723 282 1805 δικρόσσια
294 1723 341 1783 καί
351 1723 435 1792 λιθίας
448 1725 530 1794 italie
540 1723 648 1781 πλείονα
659 1723 721 1800 γένη
734 1723 779 1780 κοιλ
791 1721 872 1792 ἄλλης
917 1721 1044 1773 dlerossla
1057 1739 1103 1774 seu
1113 1722 1231 1774 mamilia
1241 1723 1367 1793 utrinque
1378 1721 1524 1788 fimbriata,
1539 1723 1704 1795 supellectilis

88 1812 228 1895 μορρίνης,
248 1816 294 1885 τῆς
314 1811 451 1892 γινομίνης
465 1814 492 1871 lv
507 1809 659 1888 Διοςπόλιι,
681 1809 725 1869 καί
750 1809 871 1890 ὄριίχαλ-
917 1827 932 1861 e
956 1810 1025 1862 vitro
1048 1808 1125 1879 plura
1145 1825 1240 1878 genera
1258 1827 1307 1861 noc
1323 1827 1379 1862 non
1397 1810 1542 1863 murrhinae
1554 1810 1610 1880 ejus
1623 1829 1704 1882 quam

912 1068 953 1110 rat
969 1057 1011 1110 his
1023 1058 1087 1110 locis
1107 1057 1170 1110 inde
1188 1057 1418 1129 allloschophagis
1437 1077 1520 1130 usquc
1539 1061 1574 1114 ad
1593 1061 1700 1116 alteram

913 1153 1066 1210 herbariam
1076 1152 1208 1218 Zoscales,
1218 1171 1312 1207 avarus
1324 1154 1366 1207 ille
1375 1154 1484 1225 quidem
1494 1167 1521 1210 et
1529 1158 1566 1209 rei
1575 1158 1701 1227 augendos

913 1256 993 1308 nimis
1002 1256 1127 1320 intentus,
1141 1266 1226 1308 octera
1239 1257 1340 1327 probus
1354 1258 1394 1310 vir
1405 1274 1555 1330 gnarusque
1562 1258 1699 1314 literarum
1751 1264 1755 1270 ’

88 2001 144 2054 quo
156 1979 350 2052 vid.1³eripl.§
365 1981 413 2050 ⁵),
426 1979 496 2052 quod
506 1970 637 2043 miremur,
653 1997 732 2050 quum
751 1977 876 2030 ulteriora
920 1996 949 2048 p.
964 1977 1034 2046 398:
1052 1997 1063 2025 ο
1078 1973 1166 2028 δδολοι
1179 1995 1234 2048 χρ,
1249 1977 1349 2047 iuquit,
1361 1987 1424 2030 sunt
1435 1977 1702 2047 coloreisingillones.

88 2072 242 2113 mercatores
253 2071 411 2113 scrutentur.
437 2059 448 2129 ΙΙ
462 2089 499 2101 -
512 2075 535 2113 r.
557 2056 709 2129 dpprvol]
733 2079 744 2106 ι
758 2056 876 2128 δμμιινσλ
921 2057 971 2108 Vir
984 2054 1077 2109 doctus
1090 2057 1136 2126 qui
1154 2054 1263 2117 ἀδόλλας
1278 2055 1356 2108 vertit
1364 2094 1372 2120 ,
1388 2055 1526 2124 ignorabat
1538 2056 1602 2126 quid
1619 2071 1705 2110 assent

87 2139 183 2204 codes,
196 2137 271 2209 cujus
279 2155 372 2192 uranus
383 2136 498 2191 secunda
509 2137 570 2191 lecit
578 2138 700 2209 spiritum
710 2146 736 2188 et
745 2145 873 2189 tenorem.
921 2134 1019 2188 άδολοι.
1041 2134 1106 2189 Aliis
1124 2133 1231 2205 quidem
1250 2133 1314 2187 locis
1334 2133 1452 2204 ejusdcm
1474 2135 1592 2206 opusculi
1606 2135 1706 2188 abolla·
1787 2199 1791 2208 ¹

88 2220 234 2288 luter-pres,
249 2226 279 2269 ut
293 2217 388 2287 potuit,
403 2233 525 2269 annoso.
539 2213 845 2286 Sedexpungendavox.
860 2238 871 2260 ι
922 2233 980 2267 rum
1002 2214 1123 2268 meminit
1142 2215 1284 2278 Arrianus,
1308 2213 1355 2266 sed
1377 2212 1486 2276 ἀδόλλας
1512 2215 1649 2280 nominat,
1674 2225 1706 2268 ut

89 2299 272 2350 Baasrrarnr.
287 2297 353 2349 Orta
376 2294 458 2347 videri
469 2295 595 2366 possitex
614 2291 789 2364 dittographia
805 2293 876 2345 vocis
921 2293 1010 2364 paullo
1028 2303 1098 2364 post.
1121 2291 1220 2345 ’λδολοι
1240 2302 1329 2346 autem
1349 2291 1421 2346 aliud
1441 2301 1513 2345 sunt.
1528 2295 1614 2346 Graeci
1634 2294 1705 2346 enim

94 2375 243 2439 ’λλαλαίους
256 2372 350 2427 dubito
363 2383 466 2438 tarnem
477 2391 538 2426 nam
549 2391 639 2444 reapse
648 2372 738 2426 insule
752 2374 877 2425 istasunt
922 2369 1028 2433 ἀδόλους
1044 2375 1151 2442 χιτῶνας
1163 2381 1258 2426 vocant
1271 2388 1330 2441 quae
1340 2371 1392 2424 alio
1405 2372 1514 2425 nomine
1532 2369 1646 2432 ἇσλοίδες
1664 2370 1706 2423 di·

87 2471 205 2508 amnosae
221 2452 393 2523 humilesque.
411 2453 423 2522 ΙΙ
440 2482 476 2493 -
487 2452 513 2504 3.
526 2451 581 2505 bris
591 2454 602 2523 ]
613 2450 731 2505 darhcod.
922 2461 1029 2515 cuntur,
1049 2460 1080 2503 ut
1099 2450 1213 2512 διδθλους
1230 2448 1311 2503 iidem
1328 2447 1421 2503 dicunt
1439 2467 1498 2520 quae
1517 2450 1592 2503 aliter
1611 2449 1707 2503 διπλοί-

127 2535 191 2600 ςδ,
213 2531 231 2584 l.
248 2531 422 2593 ltrllsroe
444 2531 650 2602 βαθύτατος],
669 2529 734 2584 hod.
756 2527 878 2583 Hauakt'l
922 2530 971 2592 δις.
991 2554 1003 2576 ι
1032 2529 1092 2582 Noli
1115 2529 1231 2583 credere.
1253 2530 1346 2600 Neque
1364 2528 1437 2581 vides
1458 2528 1594 2600 quomodo
1617 2528 1707 2582 diolci

90 2611 166 2664 Baio.
186 2609 285 2663 Plinius
299 2609 317 2662 l.
341 2610 360 2662 l.
386 2610 473 2662 sinum
492 2610 655 2680 incognitum
676 2617 761 2672 vocat,
778 2607 877 2678 quippe
922 2609 1022 2679 opponi
1038 2609 1138 2680 possint
1152 2607 1274 2672 διδόλοις,
1288 2617 1467 2678 nequeeaast
1480 2606 1580 2660 codicis
1595 2625 1707 2680 corrup·

89 2705 171 2758 quem
185 2697 344 2741 mercatores
363 2689 406 2740 via
418 2689 489 2741 rectl
501 2689 564 2741 hinc
581 2687 684 2742 Arabia
703 2688 821 2757 emporia
832 2703 877 2757 pe·
923 2687 1016 2739 tissimi
1029 2687 1179 2751 auctoritas,
1188 2695 1219 2738 ut
1230 2703 1262 2737 er
1272 2696 1364 2738 nostro
1378 2684 1438 2737 loco
1450 2703 1549 2738 novum
1559 2687 1707 2740 vestimenti

90 2775 176 2819 tentes
186 2767 447 2838 praetcrnavigahant.
457 2768 558 2821 Verum
569 2784 628 2837 qum
636 2765 732 2837 Peripli
743 2775 836 2818 auctor
843 2763 878 2817 de
922 2782 1021 2818 nomen
1032 2763 1186 2817 excudatur.
1198 2765 1342 2833 Distinguit
1352 2774 1445 2816 auctor
1453 2765 1522 2816 iuter
1532 2763 1707 2819 abollasadul·

90 2847 192 2899 eosinu
200 2847 283 2912 novit,
291 2844 382 2899 eadem
393 2845 666 2916 novitetiamlPliuius,
676 2845 760 2917 quide
768 2846 877 2917 opsiano
923 2844 1020 2897 terium
1027 2884 1036 2911 ,
1055 2861 1115 2915 quae
1135 2845 1164 2896 in
1183 2843 1268 2915 plebis
1291 2860 1369 2897 usum
1392 2843 1608 2910 conficiebantur,
1629 2855 1708 2917 almae

91 2922 179 2995 lapide
197 2926 233 2977 ita
243 2925 323 2978 hahet
333 2925 380 2978 lib.
402 2926 531 2992 XXXVI,
545 2926 578 2996 37
593 2942 599 2978 :
614 2929 647 2978 Ιπ
664 2944 752 2993 genere
770 2925 837 2978 vitri
851 2937 878 2977 et
923 2923 1021 2977 abollas
1037 2924 1167 2995 simplices
1186 2925 1241 2975 sive
1258 2924 1389 2987 sinceras,
1404 2922 1463 2976 lana
1474 2940 1542 2994 pura
1558 2935 1641 2979 textas
1656 2928 1709 2978 tin·

90 3002 205 3075 opsiano
223 3002 233 3073 (
242 3004 280 3055 sic
298 3001 359 3056 cod.
374 3002 524 3073 Bamberg.;
543 3002 683 3056 obsidione
700 3006 771 3073 rgo)
791 3021 878 3055 nume·
924 2994 1314 3075 cturaque'prasstantesmicuti
1325 3002 1387 3055 alibi
1399 3002 1708 3076 distinguiturlparrophe

93 3081 240 3135 maturari
253 3080 456 3135 similitudinem
476 3082 577 3155 lapidis
594 3101 667 3154 quem
690 3082 717 3135 t'rr
740 3082 879 3154 AEtlriopt'a
924 3084 996 3145 νόθος
1004 3094 1030 3135 et
1038 3082 1076 3154 ίμ.
1088 3082 1188 3143 ἁπλοῦς.
1200 3082 1323 3135 Ceterum
1331 3080 1428 3133 άδόλλα
1442 3084 1504 3152 (pro
1514 3080 1640 3160 ἇμδόλλα,
1652 3086 1670 3137 i.
1681 3103 1705 3138 e.

93 3158 196 3212 iusserit
213 3160 309 3213 Obsius
327 3160 385 3229 (sic
399 3160 459 3213 cod.
478 3160 582 3226 Bamh.;
598 3158 722 3213 Obsidius
736 3178 785 3231 vgo
794 3164 822 3230 ),
837 3160 879 3212 ni·
925 3159 1061 3233 ἂμνριδολὴ,
1074 3171 1103 3214 ut
1113 3162 1224 3232 putant)
1234 3168 1291 3213 erat
1300 3159 1398 3213 chlaena
1412 3159 1485 3213 lanea
1497 3178 1580 3231 eaque
1590 3162 1706 3232 spissior,

88 3238 201 3307 gerrimi
222 3238 326 3304 eoloris,
350 3238 493 3310 aliquando
513 3251 538 3292 et
558 3239 731 3303 translucidi,
753 3239 880 3293 crassiore
924 3240 999 3311 cujus
1012 3242 1112 3293 mentio
1124 3238 1195 3311 apud
1209 3242 1342 3291 llomanos
1355 3240 1496 3310 scriptores
1517 3240 1612 3309 passim
1630 3240 1708 3294 obvia

91 3318 166 3379 visu,
179 3317 296 3389 atquem
310 3317 424 3389 speculis
433 3317 568 3389 parietum
583 3336 635 3391 pro
649 3318 761 3385 imagine
774 3318 879 3371 umbras
927 3318 1039 3391 (virgil.
1054 3320 1114 3371 AEn.
1131 3320 1166 3381 V,
1182 3322 1233 3380 θαι
1249 3316 1314 3387 ibiq.
1327 3318 1450 3381 Servius;
1464 3316 1578 3369 Martial.
1591 3318 1640 3381 IV,
1654 3318 1706 3385 433

92 3395 249 3459 reddentem,
273 3405 324 3449 etc.
340 3395 382 3450 Cl.
398 3396 484 3468 Orph.
509 3396 579 3450 Lith.
603 3398 655 3450 28'2
676 3406 704 3449 et
723 3400 878 3468 anonymus
924 3397 1045 3451 Juvenal.
1059 3398 1114 3462 111,
1140 3395 1189 3460 153
1208 3396 1316 3449 Sueten.
1333 3394 1415 3467 salig.
1438 3413 1462 3447 c.
1485 3395 1551 3463 3⁵),
1566 3396 1654 3448 nescio
1674 3414 1708 3449 an

92 3476 199 3527 Λιθικιῖνν
213 3474 381 3545 scriptorap.
398 3474 505 3528 Salmas.
520 3474 554 3528 ad
568 3474 650 3530 Solin.
666 3493 693 3548 p.
711 3478 754 3539 64.
768 3475 878 3530 Obsium
925 3476 997 3548 apud
1019 3476 1101 3529 alium
1124 3485 1258 3528 auctorem
1283 3491 1397 3544 prmum
1421 3483 1551 3526 occurrat.
1580 3475 1707 3541 Arsinoe,

92 3554 183 3607 inveni
203 3552 304 3605 nullum
322 3563 417 3624 praeter
437 3556 477 3607 M.
499 3554 607 3607 Obsium
614 3565 734 3627 pratum
742 3552 877 3623 structum,
925 3554 1071 3607 abollarum
1084 3552 1196 3618 lubrica,
1211 3554 1319 3607 fortasse
1332 3552 1396 3605 urhe
1406 3551 1440 3605 ad
1452 3554 1539 3605 sinum
1552 3552 1709 3625 Heroopoli-

92 3632 245 3685 Germanici
265 3633 389 3697 amicum,
405 3631 481 3702 cujus
492 3634 612 3687 meminit
625 3635 732 3687 Tacitus
743 3636 814 3687 dnn.
828 3636 878 3699 IV,
926 3634 1019 3699 ticum,
1031 3632 1139 3686 sortasse
1148 3632 1211 3686 ιιι-λιν
1223 3634 1296 3685 nomi
1308 3632 1482 3703 cognominis.
1498 3633 1509 3701 ll
1523 3662 1560 3673 -
1568 3631 1602 3685 λί
1609 3650 1641 3685 ντ
1649 3636 1708 3705 ια],

93 3712 140 3763 68.
155 3726 188 3779 71
205 3708 313 3781 (adan.
333 3712 367 3762 αθ
386 3726 412 3781 p.
427 3711 492 3764 Chr.
503 3713 524 3779 ).
543 3713 568 3763 Is
587 3712 695 3765 sortasse
713 3710 816 3782 AEgypti
837 3711 881 3765 ali·
926 3712 1008 3766 latina
1025 3730 1076 3765 vox
1090 3712 1180 3765 linteo.
1198 3715 1230 3764 In
1252 3712 1342 3781 grecis
1355 3710 1527 3782 scriptoribus
1539 3712 1586 3764 aevi
1605 3712 1710 3765 serioris

93 3786 369 3858 quamdiupraelectus
381 3785 476 3852 luerat,
492 3788 531 3840 vel
544 3788 681 3860 AEthiopire
695 3806 768 3841 oram
783 3790 881 3860 legerat
927 3790 963 3845 de
980 3791 1091 3861 cingulis
1109 3791 1274 3862 potissimum
1295 3790 1382 3844 linteis
1395 3800 1547 3861 usurpatur.
1560 3792 1596 3841 V.
1618 3791 1708 3863 Steph.

93 3865 190 3918 eodem
203 3876 321 3936 tempore
337 3882 391 3937 quo
403 3867 577 3920 Germanicus
587 3878 669 3921 totam
683 3866 823 3939 AEgyptmn
836 3886 881 3921 us·
926 3870 1007 3924 lhos.
1021 3888 1043 3923 s.
1058 3888 1084 3923 v.
1107 3872 1117 3939 ΙΙ
1135 3874 1226 3923 -16.
1242 3869 1450 3941 δικρόσοια],
1461 3868 1578 3921 mantilia
1586 3870 1711 3939 utrinque

95 3942 197 4013 quoad
212 3942 351 4014 AEthioplae
362 3943 476 3997 conliuia
495 3944 633 4016 lustravit(
647 3962 678 4013 ιη
690 3962 718 4016 p.
738 3946 802 3999 Chr.
815 3946 879 4000 Vid.
927 3950 1068 4003 fimbriata.
1090 3949 1249 4003 substantivi
1272 3948 1313 4001 vel
1335 3947 1455 4018 adjectivi
1480 3946 1618 4017 δικρόσσιον
1639 3948 1712 4001 aliud

94 4023 181 4075 Tacit.
202 4024 272 4075 λιιιι.
287 4024 323 4075 Π.
337 4027 371 4077 lio
382 4040 422 4095 sq.
436 4027 457 4093 ).
477 4025 602 4095 Lapidem
617 4027 756 4097 opsianum
776 4027 881 4083 adeum
928 4029 1077 4100 exemplum
1086 4027 1217 4081 desidero.
1234 4031 1356 4081 Attamen
1365 4044 1391 4079 v.
1404 4026 1711 4097 simplcrapooolovprae·

96 4099 303 4154 sinuminlocis
317 4114 447 4172 quaesunt
466 4104 500 4156 ab
512 4107 600 4157 Arena
617 4107 674 4158 vico
692 4124 781 4159 versus
793 4108 881 4163 sinum
928 4106 973 4160 bet
992 4106 1137 4160 Herodian.
1156 4109 1245 4177 Epim.
1264 4123 1292 4177 p.
1314 4122 1348 4176 7²
1367 4122 1373 4158 :
1398 4104 1514 4174 κροσσθς,
1530 4104 1559 4157 rh
1578 4106 1709 4174 κροοσίον·

97 4177 272 4243 Adulitieum,
286 4177 374 4232 denuo
385 4182 484 4253 reperit
495 4182 588 4235 Saltius
606 4186 693 4254 (Vos.
708 4202 736 4255 p.
754 4202 803 4254 ¹9²
814 4190 834 4256 ).
849 4190 881 4241 In
929 4185 985 4239 δθεν
1000 4185 1138 4256 κροοοωτθν
1152 4185 1261 4255 ίμάτιον.
1272 4186 1371 4237 Notum
1390 4194 1431 4237 est
1444 4182 1601 4254 adjectivum
1615 4184 1711 4254 δίκρου-

96 4274 189 4326 geogr.
201 4257 320 4310 Raveon.
340 4261 377 4323 11,
391 4262 411 4328 7'
421 4270 481 4330 post
494 4260 592 4314 Olclum
613 4263 730 4329 (Adulin
741 4266 752 4333 )
764 4268 883 4337 sequitur
929 4282 972 4327 σος
984 4284 1017 4319 ex
1030 4265 1130 4319 Polluc.
1144 4266 1211 4329 vn,
1227 4280 1280 4335 72:
1296 4264 1425 4335 θίκροοοον
1443 4262 1611 4333 περιδόλαιον,
1627 4262 1709 4317 schol.

97 4339 207 4387 Paroria
218 4334 411 4389 locus.1snum
424 4336 488 4390 hod.
506 4342 595 4392 Arena
609 4342 700 4393 vicus?
713 4344 724 4412 ΙΙ
741 4364 811 4414 -9,
826 4350 882 4413 τῆς
929 4348 1011 4400 Arist.
1034 4344 1103 4399 Plut.
1126 4360 1179 4414 7²9
1210 4360 1216 4397 :
1241 4342 1370 4415 δίκροοσον
1394 4343 1540 4414 ρακιώλιον,
1570 4343 1710 4413 σουδάριον,

96 4411 198 4479 άλλης
213 4412 319 4485 13.]ct.
334 4424 391 4467 not.
407 4414 441 4467 ad
455 4419 469 4484 S
484 4434 508 4472 1.
523 4418 617 4472 Nostra
629 4422 808 4492 antiquissima
821 4434 882 4478 sunt
929 4423 1043 4495 siey-ch.
1062 4423 1113 4476 :rh
1126 4422 1285 4494 ἦμιτίμδιον,
1305 4423 1390 4476 λινοῦν
1406 4421 1498 4493 ἔνδυμα
1510 4422 1526 4488 ἢ
1541 4421 1661 4474 οινδόνιον
1675 4422 1710 4474 hl·

96 4508 193 4545 eorum
204 4491 305 4563 qnaede
314 4494 516 4548 hurumitarum
529 4514 610 4567 reguo
619 4498 714 4552 tradita
723 4492 880 4572 accepimus.
926 4521 1041 4573 κροσσον.
1056 4502 1098 4556 Cl.
1109 4502 1199 4574 Steph.
1209 4502 1289 4556 Τίιοι.
1309 4522 1335 4555 ν.
1350 4499 1467 4573 κρωσοός.
1478 4502 1535 4572 11-
1549 4500 1654 4554 ι6.λιθ
1664 4501 1713 4563 ίας

101 4571 113 4639 ΙΙ
126 4600 164 4610 -
178 4586 220 4624 ro.
240 4574 296 4623 τοῦ
309 4570 480 4644 πλείονος]
495 4578 544 4628 τῶν
558 4576 671 4639 πλειόνος
691 4578 826 4646 (πλείονος
843 4599 880 4635 m.
926 4581 1036 4651 θαλῆς]
1045 4580 1115 4634 λίθον
1125 4580 1259 4653 Αἰγυπτίαν
1268 4580 1333 4635 dicit
1343 4581 1433 4653 Scylax
1441 4598 1469 4651 p.
1480 4584 1525 4650 94.
1537 4580 1549 4649 ΙΙ
1559 4610 1596 4619 -
1607 4596 1648 4649 ¹7·
1662 4579 1710 4631 άλ·

95 4650 175 4716 sec.)
192 4648 291 4714 codex3
305 4667 357 4703 em.
374 4650 549 4725 Bernhardy.;
561 4654 803 4711 revelascerem.
825 4660 883 4712 Stu-
926 4659 982 4726 λης
1003 4660 1173 4731 μυρρίνης]
1197 4662 1236 4713 sic
1245 4659 1344 4725 codex,
1358 4677 1413 4713 non
1427 4658 1452 4713 d.
1470 4658 1596 4729 μυρρίνης.
1612 4668 1641 4711 ut
1652 4668 1713 4711 ante

97 4726 186 4792 clrius,
199 4737 302 4781 vertens
320 4746 458 4801 perperam
471 4748 478 4783 ι
491 4744 616 4804 speetatoe
633 4734 799 4807 prolatoque
819 4736 884 4789 vire
927 4736 1064 4792 Stuclrium
1084 4738 1225 4809 legebatur.
1238 4738 1376 4794 Salnsasius
1389 4736 1423 4791 ad
1437 4738 1520 4791 Solio.
1536 4755 1564 4809 p.
1582 4740 1643 4801 ill.
1659 4742 1711 4807 769

96 4806 184 4869 horno,
198 4806 289 4859 ceteris
307 4808 427 4862 oneribus
438 4811 598 4864 antecellens.
619 4814 712 4867 Latina
731 4814 841 4881 sraelis,
854 4826 884 4868 ut
927 4832 978 4887 pro
1003 4816 1082 4884 ἄλλης
1103 4817 1186 4871 voluit
1207 4815 1285 4885 ίιάλης
1309 4816 1435 4890 (idios),
1458 4826 1553 4889 praeter
1574 4818 1711 4871 nenessita-

97 4884 176 4949 solet‚
189 4885 376 4956 interpretatur
386 4890 540 4943 Vincamus.
928 4904 998 4960 tem3
1011 4895 1089 4963 ἄλλης
1099 4906 1139 4949 est
1146 4895 1225 4963 δλλης
1234 4896 1314 4959 λιθίας
1324 4897 1448 4968 μυρρίνης.
1459 4896 1500 4949 Cl.
1512 4899 1528 4964 ς
1539 4900 1573 4964 49
1587 4912 1593 4948 :
1609 4894 1711 4965 ὀνυχίνη

135 4962 294 5031 so,t.15.
316 4963 461 5019 atellei
483 4968 884 5045 νόθοιχρ.]άδαλοιν.χρω-
928 4972 997 5026 λιθία
1009 4974 1052 5027 καλ
1067 4975 1297 5046 μυρρίνη(ιίο)οί
1310 4976 1449 5029 Pausanias
1470 4978 1551 5038 vlu,
1577 4976 1618 5036 ιθ,
1635 4973 1660 5026 5.
1677 4977 1712 5027 llt

99 5042 200 5112 μάτινοι
219 5040 319 5107 codex,
340 5044 386 5097 scd
405 5044 639 5121 inira(Cl.§a8)
655 5050 781 5106 άδόλλαι..
796 5052 882 5107 άπλοΐ.
928 5064 999 5105 recte
1015 5054 1155 5107 Salmasius
1178 5071 1184 5106 :
1215 5079 1227 5101 ι
1246 5054 1368 5108 Meminit
1392 5056 1519 5110 Arrianus
1535 5057 1579 5119 τῆς
1598 5054 1712 5123 μυρρίνης

99 5117 241 5189 Vulgatam
265 5123 331 5188 tueri
347 5126 457 5177 tentavit
481 5126 618 5179 Salmasius
634 5128 667 5181 ad
689 5130 759 5211 liar.
774 5132 882 5201 Vopisc.
929 5150 987 5203 qum
1004 5133 1030 5185 in
1055 5131 1173 5203 Diospoli
1196 5132 1283 5187 liclmt.
1301 5134 1370 5188 Cave
1396 5145 1471 5205 putes
1489 5132 1596 5202 intelligi
1617 5131 1650 5184 de
1671 5132 1711 5185 illa
