3775 5750
190 320 231 361 ιιι
608 315 613 324 ·
838 305 1137 368 phortemmim.

189 435 265 505 Υίσῐη
280 435 324 490 καὶ
339 434 488 504 lwttwini
503 433 559 514 ῥίζα
572 437 618 503 τῆς
632 433 729 498 nultus
742 434 750 508 l
763 436 808 504 τῆς
818 436 971 516 Δημητριά·
1016 451 1046 494 to
1070 439 1308 512 fragmentorum,
1322 448 1354 493 ut
1368 434 1515 511 reliquum
1529 431 1692 490 indiculum
1714 449 1801 488 suum

189 527 247 604 δος)
266 528 342 586 κατὰ
362 529 417 603 μὲν
435 531 534 586 πλοῦν
550 527 569 596 ζ’
585 531 617 604 ql)
633 527 726 605 ἀπέχει
741 529 846 598 στάδια,
860 533 925 607 πεζῇ
944 529 972 588 dl
1016 533 1164 602 elicuerit,
1192 533 1236 590 sic
1263 533 1349 588 etiam
1378 531 1415 588 de
1446 533 1541 607 patria
1569 530 1698 586 auctoris
1731 549 1804 585 con·

189 621 222 677 κ’.
237 623 616 681 Acsimiliterdealiisorae
632 623 782 680 maritimae
797 623 971 682 loclsdisse-
1013 625 1156 701 jecturam
1182 626 1290 684 lecerit.
1321 624 1383 682 lluc
1404 623 1514 681 accedit
1539 623 1619 698 quod
1640 641 1718 699 opus
1747 643 1804 678 no-

191 737 257 775 rens
265 732 365 776 auctor
380 721 516 798 paraplos
527 721 739 780 memoraverit.
1016 735 1106 780 strum
1126 722 1271 779 Heraclidi
1288 721 1403 778 cuidam
1427 718 1635 778 uindicandum
1654 737 1719 776 esse
1737 737 1806 775 sua·

232 814 280 883 73.
292 813 422 872 Ceterum
434 813 523 872 verba
535 814 635 872 πολεων
648 813 798 888 σκώμματα
809 814 854 872 rud
862 815 916 872 ὁδοὶ
927 814 973 872 καὶ
1017 818 1065 875 det
1076 816 1250 894 Apollonius
1264 816 1295 874 in
1316 815 1423 874 tttrab.
1439 835 1466 875 c.
1490 835 1537 889 19,
1553 813 1605 871 ubi
1626 811 1807 890 Ἡρακλείδης

190 907 329 984 περίπλους
342 922 420 984 patet
432 910 503 968 nihil
517 929 579 970 esse
587 911 645 968 nisi
655 910 828 981 indiculum,
841 911 972 988 quemli·
1016 914 1031 968 ὁ
1046 911 1161 990 κριτικὸς
1175 909 1326 988 (Κρητικὸς
1339 909 1419 979 cod.;
1439 927 1496 967 em.
1510 929 1560 967 ur.
1573 907 1603 964 d.
1615 910 1624 983 l
1638 910 1665 965 ἐν
1679 909 1718 985 τῷ
1735 908 1807 983 Περὶ

190 1001 305 1061 brarius
324 1025 359 1062 ex
380 1019 549 1080 argumento
567 1007 792 1081 fragmentorum
811 1006 970 1080 collegerit.
1016 1009 1069 1064 τῶν
1080 1008 1155 1083 άντῇ
1177 1004 1288 1064 Ἑλλάδι
1301 1004 1402 1063 πολεων
1415 1004 1452 1062 de
1463 1003 1564 1081 planta
1582 1001 1706 1079 quadam
1726 1001 1807 1059 Pelii

189 1096 263 1154 Vera
278 1101 375 1176 operis
389 1101 494 1176 integri
507 1101 660 1178 inscriptio
671 1113 699 1158 et
711 1098 836 1158 ambitus
844 1100 904 1176 jam
919 1120 973 1158 nos
1017 1102 1125 1158 montis
1135 1099 1280 1171 laudatur,
1291 1118 1377 1176 quam
1390 1098 1493 1156 iisdem
1511 1097 1570 1153 lere
1580 1095 1680 1153 verbis
1696 1095 1807 1154 Noster

192 1195 289 1254 latent.
311 1195 343 1251 ln
361 1197 458 1274 primo
476 1197 640 1273 fragmento'
658 1209 758 1254 auctor
783 1195 927 1266 Eleusine,
941 1208 974 1252 ut
1019 1195 1071 1271 (ir.
1091 1197 1149 1270 3,§
1168 1195 1184 1252 b
1200 1215 1230 1273 p.
1249 1215 1301 1266 ¹⁰7
1324 1193 1375 1252 ubi
1387 1214 1414 1250 r.
1425 1206 1484 1250 not.
1500 1193 1509 1267 l
1526 1190 1677 1250 describit.
1693 1191 1767 1248 Nam
1779 1193 1806 1248 si

190 1292 317 1361 videtur,
348 1293 481 1370 procedit
508 1293 650 1364 Athenas3
673 1291 780 1369 quibus
802 1292 972 1366 descriptis,
1018 1291 1050 1348 in
1065 1290 1284 1349 bisrerborum
1304 1307 1478 1347 consensum
1498 1286 1599 1343 mirari
1614 1286 1693 1355 licet,
1709 1287 1807 1342 multo

191 1385 286 1462 pergit
300 1387 449 1464 Oropum,
468 1387 537 1444 hinc
553 1391 730 1462 Tanagram,
746 1386 973 1458 Plataeas,'l¹he·
1018 1385 1157 1463 majorem
1180 1387 1365 1444 mirationem
1385 1384 1473 1442 habet
1491 1383 1571 1460 quod
1594 1383 1695 1440 titulus
1717 1381 1805 1448 libri,

190 1479 253 1552 hus,
267 1482 529 1540 Anthedonem.De
539 1481 672 1552 lrissolis,
684 1483 857 1559 quasipsum
868 1481 974 1539 adiisse
1019 1501 1078 1558 quo
1100 1501 1118 1538 a
1134 1499 1166 1538 re
1187 1493 1304 1538 narrata
1327 1479 1453 1537 alienior
1474 1495 1537 1536 esse
1564 1475 1691 1548 videtur,
1722 1489 1808 1533 tanto

191 1575 237 1632 vel
251 1596 287 1633 ex
305 1576 397 1635 verbo
409 1576 554 1648 κατενόησα
569 1579 586 1653 S
604 1597 637 1634 ro
658 1577 841 1652 intelligitur,
855 1578 915 1652 agit
926 1597 974 1634 ac·
1019 1578 1115 1653 aptius
1124 1577 1156 1633 in
1168 1588 1300 1633 nostrum
1311 1594 1385 1652 opus
1400 1573 1492 1644 cadit3
1508 1572 1581 1629 adeo
1593 1585 1626 1629 ut
1638 1571 1689 1628 vix
1699 1572 1807 1628 credas

192 1672 329 1730 curatius.
344 1672 454 1730 Deinde
469 1685 620 1751 postquam
630 1671 720 1729 verbo
732 1671 844 1730 monuit
852 1671 888 1729 de
898 1671 923 1727 T
925 1672 974 1729 he·
1018 1672 1091 1730 duos
1099 1685 1232 1730 auctores
1242 1671 1278 1728 de
1287 1670 1386 1728 eadem
1392 1669 1491 1746 planta
1499 1667 1603 1726 iisdem
1611 1686 1694 1742 paene
1700 1667 1807 1724 verbis

192 1765 266 1841 spiis
280 1778 308 1822 et
321 1766 514 1824 boeoticarum
532 1765 647 1824 urbium
665 1765 849 1843 άκληρήμασι,
866 1766 974 1824 Anthe-
1018 1768 1050 1824 in
1068 1785 1156 1844 opere
1170 1765 1207 1822 de
1222 1765 1350 1822 llelladis
1371 1762 1494 1821 urbibus
1514 1762 1695 1821 disseruisse.
1715 1761 1808 1818 llccte

192 1858 269 1916 done
289 1861 391 1918 transit
404 1861 434 1917 in
454 1859 607 1932 Euboeam,
629 1859 855 1936 Chalcidemque
872 1859 974 1918 urbem
1018 1861 1166 1919 Olearium
1180 1863 1257 1938 prol
1270 1858 1398 1937 Κρητικὸς
1412 1858 1573 1916 correxisse
1586 1854 1806 1934 dxprrmhemnn

194 1953 287 2012 fusius
303 1953 452 2014 describit.
466 1955 500 2011 ln
520 1953 647 2013 secundo
662 1954 822 2028 fragmento
842 1975 858 2010 a
873 1955 975 2012 Deme·
1018 1955 1200 2026 dubitamus;
1214 1973 1280 2012 nam
1293 1955 1317 2010 si
1331 1952 1475 2012 Cretensis
1489 1952 1615 2028 scriptor
1627 1963 1710 2021 esset,
1730 1949 1807 2030 Κρὴς

191 2047 285 2104 triade
300 2048 548 2108 urbeercurritin
561 2049 673 2108 Pelium
688 2047 976 2125 montem,deeoque
1018 2050 1159 2109 dicendus
1179 2062 1251 2107 erat.
1272 2048 1352 2105 Nihil
1376 2048 1473 2124 itaque
1503 2045 1624 2123 impedit
1644 2046 1807 2122 quominus

192 2143 311 2219 exponit
323 2141 480 2202 uberrime.
502 2143 672 2220 Fragments
685 2144 783 2214 tertio,
801 2161 816 2200 e
831 2155 976 2220 postrema
1020 2145 1205 2203 Atheniensis
1221 2145 1307 2203 luerit
1318 2143 1364 2222 (Ἴ.

192 2237 281 2295 totius
293 2239 391 2314 operis
406 2251 487 2315 parte
499 2240 605 2316 petito,
623 2252 722 2296 auctor
737 2237 809 2294 lines
830 2237 973 2308 Helladis,
1062 2251 1107 2312 74.
1121 2239 1214 2314 Vulgo
1228 2242 1386 2315 fragmenta
1395 2252 1494 2296 nostra
1507 2257 1543 2296 ex
1554 2237 1714 2298 Dicaearcbi
1728 2236 1806 2294 llles-

195 2343 316 2387 sumtoa
333 2329 535 2408 Peloponneso
546 2331 642 2402 initio,
658 2350 751 2407 usque
763 2330 797 2388 ad
809 2329 975 2388 Homolium
1020 2337 1095 2392 senii
1110 2354 1209 2410 opere,
1230 2333 1308 2410 quod
1328 2334 1386 2399 Βίος
1399 2332 1527 2397 Ἑλλάδος
1550 2331 1732 2402 inscribitur,
1753 2352 1806 2408 pe·

193 2423 344 2499 Magnesiae
359 2439 387 2483 et
398 2425 508 2503 Tempe
519 2426 725 2485 Thessalorum
734 2425 880 2502 pertinere
892 2425 974 2496 dicit,
1009 2413 1072 2485 ⁴tita
1085 2447 1147 2486 esse
1162 2442 1324 2486 censentur.
1339 2427 1395 2484 Vix
1405 2426 1445 2484 ita
1454 2427 1621 2484 statuissent
1632 2426 1767 2502 plurimi,
1779 2428 1805 2481 si

194 2537 226 2574 ac
242 2518 372 2576 refellere
381 2521 581 2578 studeteotum
600 2519 842 2594 sententiam,qui
853 2517 877 2576 T
881 2519 975 2577 hessa·
1020 2523 1252 2601 geographorum
1285 2522 1415 2579 codicem
1444 2521 1609 2578 Parisinum
1641 2521 1804 2576 novissent.

194 2613 261 2669 liam
277 2612 396 2671 Graeciae
411 2615 615 2672 accensendam
636 2634 698 2674 esse
719 2627 868 2689 negarent.
881 2613 978 2682 Quan-
1020 2624 1229 2694 Argumentum
1257 2619 1405 2675 sententiae
1425 2629 1591 2675 sumserunt
1611 2636 1647 2673 ex
1665 2615 1766 2673 verbis
1796 2639 1804 2672 2
1881 2624 1882 2627 ’

193 2718 253 2761 tum
267 2724 301 2762 ex
318 2705 363 2763 his
389 2707 487 2781 colligi
504 2719 615 2784 potest,
633 2709 757 2784 scriptor
775 2720 873 2766 noster
889 2707 978 2765 totius
1022 2713 1183 2792 Δικαιάρχου
1197 2711 1334 2790 ἀναγραφὴ
1349 2711 1490 2782 Ἑλλάδος,
1501 2733 1565 2788 ‹qua›
1579 2711 1700 2768 liraec'iae
1715 2713 1804 2768 insu-

194 2797 333 2868 llelladis,
348 2815 433 2877 quam
444 2820 496 2858 nos
509 2801 644 2870 dicimus,
660 2802 829 2878 provincias
844 2819 976 2858 unacum
1020 2805 1173 2885 larumque
1187 2807 1352 2865 Graecarum
1368 2807 1556 2883 descriptioni
1571 2807 1695 2862 metricae
1710 2803 1805 2881 subji-

193 2893 220 2950 T
222 2896 379 2953 lressaliaet
389 2895 497 2954 Euboea
511 2898 698 2974 descripsisse
711 2898 902 2968 videtur,non
918 2911 974 2955 tam
1021 2904 1146 2962 ciuntur.
1162 2902 1306 2959 Nimirum
1328 2922 1418 2979 quum
1448 2902 1580 2959 viderent
1599 2919 1701 2977 poema
1725 2900 1805 2957 istud
1864 2963 1866 2966 .

191 2990 298 3065 justam
313 2990 442 3048 omnium
459 2992 663 3069 geographiam
685 3011 871 3070 componens,
887 3012 973 3069 quam
1021 2997 1100 3073 quod
1111 3018 1188 3055 nunc
1203 2998 1337 3074 llionysii
1348 3017 1410 3054 esse
1423 3009 1545 3066 constat,
1559 2996 1596 3053 ad
1607 2994 1806 3053 Dicaearchum

195 3105 248 3142 suo
259 3086 383 3162 quodam
403 3088 555 3145 itinerario
572 3102 715 3165 tamquam
732 3088 821 3147 lrrndo
838 3091 977 3147 narratio·
1021 3090 1194 3150 lllessenium
1209 3092 1282 3149 nihil
1299 3094 1461 3167 pertinere,
1484 3112 1588 3149 nomen
1601 3090 1666 3167 ejus
1678 3104 1806 3148 transtu·

193 3181 240 3237 nis
255 3193 347 3240 utens.
365 3180 486 3240 Librum
498 3182 575 3241 hunc
590 3184 760 3261 inscriptum
780 3184 866 3243 fuisse
881 3186 978 3263 suspi-
1022 3188 1118 3245 lerunt
1128 3188 1163 3244 ad
1173 3189 1305 3265 prosaica
1318 3200 1415 3244 nostra
1431 3187 1597 3263 fragmenta,
1606 3205 1671 3263 quae
1680 3185 1807 3262 poeticis

194 3270 264 3334 cor:
284 3276 366 3357 Περὶ
386 3282 448 3335 τῶν
477 3280 508 3335 ἐν
530 3282 567 3357 τῇ
592 3276 729 3357 Ἑλλάδι
751 3278 892 3351 πόλεων;
906 3301 977 3338 num
1022 3284 1198 3342 inseruntur.
1221 3284 1326 3341 Verum
1350 3282 1518 3359 conjectura
1539 3282 1600 3339 haec
1622 3282 1696 3339 nihil
1718 3280 1807 3337 habet

194 3374 350 3448 singularis
368 3375 455 3433 luerit
473 3375 549 3433 liber
565 3396 600 3433 an
614 3396 680 3453 pars
693 3376 815 3453 majoris
825 3378 933 3455 operis,
947 3380 976 3436 in
1021 3377 1392 3455 quocomtnendetur.Nam
1402 3377 1424 3434 si
1434 3376 1804 3451 ignorabaturauctorope·

193 3470 290 3527 medio
308 3472 454 3548 relinquo.
475 3476 584 3529 Auctor
600 3472 758 3531 secundum
773 3473 901 3530 codicem
924 3476 977 3532 luit
1021 3480 1062 3533 ris
1075 3477 1197 3547 metrici,
1210 3475 1288 3552 quod
1298 3472 1501 3551 Theophrasto
1515 3472 1629 3529 cuidam
1644 3472 1806 3541 dedicatur,

194 3565 346 3623 Athenaeus
363 3568 493 3642 quidam.
519 3568 616 3625 Fidem
641 3569 799 3625 testimonii
819 3588 913 3643 neque
931 3571 978 3628 lir-
1022 3572 1104 3629 lacile
1125 3572 1299 3645 intelligitur
1323 3568 1374 3647 qui
1396 3570 1500 3627 sactum
1516 3573 1568 3640 sit,
1584 3583 1616 3626 ut
1637 3568 1806 3626 llicaearcho

195 3678 273 3716 mare
283 3658 412 3730 aliunde,
422 3681 515 3737 neque
530 3662 702 3721 certioribus
715 3665 978 3737 argumentisever-
1022 3665 1228 3722 vindicandum
1237 3683 1299 3722 esse
1308 3666 1425 3740 quidam
1435 3674 1577 3739 putarent.
1586 3659 1805 3718 ScilicctTheo·

195 3768 254 3813 tere
264 3755 974 3835 licet,adeouteasitacquiescendum.Dubitatio·
1021 3760 1270 3836 phrastusiiserat
1281 3758 1450 3816 notissimus
1460 3754 1807 3833 illeplrilosophu53quae·

195 3854 240 3907 nis
251 3862 343 3908 tamen
357 3872 470 3911 caussas
488 3872 546 3909 non
561 3852 700 3912 reticebo.
716 3853 828 3910 Etenim
842 3874 929 3931 quum
941 3876 978 3913 ex
1021 3858 1095 3913 renti
1104 3870 1197 3913 autem
1208 3856 1283 3912 inter
1292 3856 1398 3913 amicos
1408 3854 1600 3931 Theophrasti
1608 3865 1636 3910 et
1644 3851 1805 3927 discipulos

196 3945 371 4004 Athenarum
385 3948 469 4005 laude
484 3948 637 4024 magnifica
651 3961 679 4004 et
690 3968 725 4006 ex
736 3968 770 4005 eo
783 3948 860 4026 quod
872 3949 976 4028 Oropii
1022 3951 1185 4008 Aristotelis
1193 3949 1388 4027 geographum
1400 3949 1539 4024 aliquem,
1549 3960 1652 4024 sponte
1660 3966 1690 4004 se
1698 3944 1807 4003 obtulit

194 4054 222 4097 et
241 4040 412 4101 Plataeenses
427 4057 571 4121 tamquam
586 4044 897 4104 Bmoto-Atheuienses
917 4060 976 4103 tra·
1021 4047 1275 4123 Dicaearchus,qui
1283 4046 1390 4123 saepius
1401 4064 1458 4101 una
1468 4064 1532 4101 cum
1541 4042 1743 4120 Theophrasto
1754 4062 1802 4119 ap.

195 4231 302 4291 dubius
316 4233 425 4306 haereo,
448 4254 516 4292 num
532 4254 631 4295 revera
645 4237 682 4296 de
696 4237 835 4297 Athenaeo
850 4237 975 4313 quodam
1020 4232 1804 4305 do·l')icaearchiabeolibrocuiattribuitur,divellatur.

195 4327 370 4387 Atheniense
405 4331 588 4405 cogitandum
624 4335 677 4405 sit,
706 4352 743 4391 an
767 4333 858 4391 codex
885 4334 977 4392 verbo
1023 4332 1132 4390 Deinde
1145 4351 1214 4390 vero
1228 4330 1453 4407 descriptionem
1469 4328 1732 4405 Graeciae,qualem
1751 4348 1803 4383 no·

196 4420 329 4493 Ἀθηναίου
355 4424 428 4481 nihil
451 4426 507 4484 nisi
532 4429 654 4505 patriam
676 4429 829 4508 scriptoris
852 4429 975 4500 indicet,
1021 4443 1080 4486 stra
1106 4428 1264 4504 fragmenta
1280 4427 1414 4507 prosaica
1433 4424 1576 4503 produnt,
1593 4422 1752 4480 abhorrere
1768 4422 1806 4479 ab

197 4519 260 4574 sive
288 4520 367 4594 quod
398 4539 503 4577 nomen
531 4522 590 4580 viri
616 4524 775 4595 exciderit,
804 4525 867 4582 sive
898 4526 976 4602 quod
1022 4546 1126 4605 opere,
1147 4527 1232 4603 quale
1253 4525 1296 4582 τὸν
1310 4524 1372 4583 Βίον
1390 4528 1436 4591 τῆς
1450 4522 1576 4587 Ἑλλάδος
1588 4522 1677 4578 luisse
1688 4519 1807 4576 aliunde

196 4615 317 4671 omnino
332 4614 361 4672 id
378 4634 436 4674 non
452 4618 804 4693 nore1·itscriba,sedex
824 4640 976 4695 argumeu·
1022 4624 1173 4692 docemur,
1187 4634 1248 4677 tum
1264 4620 1314 4677 alii
1330 4631 1550 4696 perspexerunt,
1568 4630 1628 4673 tum
1641 4634 1694 4673 nos
1713 4614 1806 4672 lusius

227 4820 258 4882 (⁴)
273 4824 379 4872 Fortasse
391 4825 527 4875 Heraclides
540 4826 635 4876 hicnon
650 4828 759 4879 diversus
771 4832 807 4879 est
824 4829 856 4877 ab
867 4830 993 4879 lleraclldc
1007 4832 1058 4892 περὶ
1069 4832 1147 4889 νήσων
1158 4830 1283 4892 scriptore,
1295 4842 1367 4890 quem
1380 4841 1428 4876 uua
1439 4840 1496 4876 cum
1512 4826 1718 4889 Philostephanus,
1735 4826 1805 4876 calli-

195 4891 274 4941 machi
288 4892 420 4954 dlscipulo,
432 4895 530 4945 laudant
543 4900 698 4960 Harpocrelio
711 4913 734 4948 v.
748 4901 839 4963 Στρύμη
853 4902 861 4961 l
872 4900 1022 4965 'Hpqueltqe
1032 4902 1047 4958 ἢ
1058 4902 1227 4959 Φιλοστέφανος
1237 4900 1260 4949 ἐν
1269 4906 1302 4962 τῷ
1312 4902 1363 4960 περὶ
1373 4899 1451 4956 νήσων
1457 4900 1491 4959 >et
1504 4912 1529 4946 r.
1543 4896 1650 4960 Ὠλίσςνσς
1663 4899 1672 4956 (
1683 4899 1724 4945 ubl
1733 4898 1804 4957 ‘ltpr-

196 4962 294 5019 κιλείὸης
307 4965 321 5011 d
336 4965 462 5026 Ποντικὸς,
473 4966 537 5027 quod
550 4968 590 5015 vix
603 4972 666 5018 recle
676 4968 775 5030 habel),
788 4972 873 5020 Suidas
886 4984 909 5018 v.
926 4970 1010 5031 Νάξος,
1033 4971 1095 5021 Plin.
1114 4973 1157 5027 lV,
1173 4976 1212 5019 ta.
1227 4970 1265 5018 cl.
1279 4973 1317 5018 Fr.
1337 4968 1395 5020 ttist.
1413 4971 1445 5026 ll,
1456 4980 1479 5028 p.
1493 4971 1534 5016 197
1547 4980 1585 5028 sq.
1599 4965 1805 5027 Ptrttosteptuuus,

195 5034 237 5094 qm
251 5044 306 5079 cum
319 5034 443 5083 Heraclide
456 5037 616 5097 componitur,
627 5038 698 5087 etiam
713 5042 764 5101 περὶ
776 5046 822 5089 τῶν
835 5042 859 5089 ἐν
870 5046 899 5102 τῇ
910 5042 976 5105 Ἀσίᾳ
990 5044 1080 5092 πόλεων
1097 5041 1206 5104 scripsit;
1219 5041 1260 5089 cul
1272 5042 1338 5103 operi
1349 5047 1462 5101 tanquam
1472 5039 1547 5087 altera
1562 5050 1616 5100 pars
1628 5038 1704 5099 juncti
1719 5035 1806 5085 luerint

197 5102 251 5152 libri
259 5100 310 5161 περὶ
322 5106 369 5150 τῶν
381 5104 404 5153 ἐν
418 5106 520 5168 Εὐρώπῃ
532 5107 629 5167 πόλεων,
641 5120 787 5169 quamquam
798 5110 817 5159 ls
829 5110 912 5160 titulus
923 5112 948 5159 ln
959 5113 1095 5174 fragmentis
1104 5113 1134 5161 ad
1147 5115 1248 5173 Europae
1263 5111 1334 5161 urbes
1344 5108 1517 5171 pertinentibus
1530 5122 1578 5157 nun
1587 5105 1700 5157 occurrit.
1715 5104 1805 5155 Prehe-

194 5176 274 5226 bilitsr
289 5170 314 5219 in
323 5170 360 5221 his
373 5188 469 5239 quoque
482 5180 545 5227 vlam
558 5177 740 5238 l‘lrilcstcphano
748 5182 840 5242 punivit
856 5182 1000 5233 Heraclides.
