<?xml version="1.0" encoding="UTF-8"?>
<!DOCTYPE html PUBLIC "-//W3C//DTD XHTML 1.0 Transitional//EN"
    "http://www.w3.org/TR/xhtml1/DTD/xhtml1-transitional.dtd">
<html xmlns="http://www.w3.org/1999/xhtml" xml:lang="en" lang="en">
 <head>
  <title>
</title>
<meta http-equiv="Content-Type" content="text/html;charset=utf-8" />
  <meta name='ocr-system' content='tesseract 3.04.00' />
  <meta name='ocr-capabilities' content='ocr_page ocr_carea ocr_par ocr_line ocrx_word'/>
</head>
<body>
  <div class='ocr_page' id='page_1' title='image "./geographigraeci00unkngoog/geographigraeci00unkngoog_0171.png"; bbox 0 0 3775 5750; ppageno 0'>
   <div class='ocr_carea' id='block_1_1' title="bbox 128 369 1743 457">
    <p class='ocr_par' dir='ltr' id='par_1_1' title="bbox 128 369 1743 457">
     <span class='ocr_line' id='line_1_1' title="bbox 128 369 1743 457; baseline 0.001 -26"><span class='ocrx_word' id='word_1_1' title='bbox 128 378 162 457; x_wconf 71' lang='lat' dir='ltr'><strong>u)</strong></span> <span class='ocrx_word' id='word_1_2' title='bbox 842 369 1043 431; x_wconf 75' lang='lat' dir='ltr'><strong>neutrius.</strong></span> <span class='ocrx_word' id='word_1_3' title='bbox 1409 378 1414 381; x_wconf 93' lang='lat'>·</span> <span class='ocrx_word' id='word_1_4' title='bbox 1711 382 1743 435; x_wconf 85' lang='lat' dir='ltr'><strong>n</strong></span> 
     </span>
    </p>
   </div>
   <div class='ocr_carea' id='block_1_2' title="bbox 127 483 1750 761">
    <p class='ocr_par' dir='ltr' id='par_1_2' title="bbox 127 483 1750 761">
     <span class='ocr_line' id='line_1_2' title="bbox 128 483 1750 587; baseline 0.001 -24"><span class='ocrx_word' id='word_1_5' title='bbox 128 506 204 587; x_wconf 74' lang='grc' dir='ltr'>νήσῳ</span> <span class='ocrx_word' id='word_1_6' title='bbox 214 504 294 581; x_wconf 77' lang='grc' dir='ltr'>λίμνη</span> <span class='ocrx_word' id='word_1_7' title='bbox 307 503 494 575; x_wconf 76' lang='grc' dir='ltr'><strong>θαλαοοόυδης,</strong></span> <span class='ocrx_word' id='word_1_8' title='bbox 509 502 574 561; x_wconf 70' lang='lat' dir='ltr'><strong>tstt</strong></span> <span class='ocrx_word' id='word_1_9' title='bbox 589 500 671 581; x_wconf 79' lang='grc' dir='ltr'>ταύτῃ</span> <span class='ocrx_word' id='word_1_10' title='bbox 686 505 763 573; x_wconf 71' lang='grc' dir='ltr'>νῆσος</span> <span class='ocrx_word' id='word_1_11' title='bbox 777 500 866 581; x_wconf 80' lang='lat' dir='ltr'><strong>iripu,</strong></span> <span class='ocrx_word' id='word_1_12' title='bbox 881 504 916 569; x_wconf 69' lang='lat' dir='ltr'><strong>el&lt;</strong></span> <span class='ocrx_word' id='word_1_13' title='bbox 961 508 1177 579; x_wconf 84' lang='lat' dir='ltr'><strong>quoinsulaalia.</strong></span> <span class='ocrx_word' id='word_1_14' title='bbox 1215 512 1247 563; x_wconf 89' lang='lat' dir='ltr'><strong>ln</strong></span> <span class='ocrx_word' id='word_1_15' title='bbox 1259 508 1327 564; x_wconf 87' lang='lat' dir='ltr'><strong>banc</strong></span> <span class='ocrx_word' id='word_1_16' title='bbox 1336 511 1433 579; x_wconf 71' lang='lat' dir='ltr'><strong>egressi</strong></span> <span class='ocrx_word' id='word_1_17' title='bbox 1441 509 1557 564; x_wconf 85' lang='lat' dir='ltr'><strong>interdiu</strong></span> <span class='ocrx_word' id='word_1_18' title='bbox 1566 483 1632 564; x_wconf 83' lang='lat' dir='ltr'><strong>nibil</strong></span> <span class='ocrx_word' id='word_1_19' title='bbox 1645 514 1750 583; x_wconf 87' lang='lat' dir='ltr'><strong>conspi-</strong></span> 
     </span>
     <span class='ocr_line' id='line_1_3' title="bbox 127 587 1749 733; baseline 0.001 -82"><span class='ocrx_word' id='word_1_20' title='bbox 127 597 164 667; x_wconf 81' lang='grc' dir='ltr'><strong>ἣν</strong></span> <span class='ocrx_word' id='word_1_21' title='bbox 183 592 329 659; x_wconf 64' lang='lat' dir='ltr'><strong>druidum&lt;</strong></span> <span class='ocrx_word' id='word_1_22' title='bbox 346 590 448 671; x_wconf 76' lang='grc' dir='ltr'>ἡμόρας</span> <span class='ocrx_word' id='word_1_23' title='bbox 470 589 518 667; x_wconf 76' lang='lat' dir='ltr'><strong>pls</strong></span> <span class='ocrx_word' id='word_1_24' title='bbox 539 588 613 651; x_wconf 79' lang='lat' dir='ltr'><strong>ottlr</strong></span> <span class='ocrx_word' id='word_1_25' title='bbox 636 592 797 670; x_wconf 73' lang='lat' dir='ltr'><strong>dptorprirptu</strong></span> <span class='ocrx_word' id='word_1_26' title='bbox 807 587 925 733; x_wconf 51' lang='lat' dir='ltr'><strong>pm</strong></span> <span class='ocrx_word' id='word_1_27' title='bbox 962 595 1154 649; x_wconf 85' lang='lat' dir='ltr'><strong>ciebamusnisi</strong></span> <span class='ocrx_word' id='word_1_28' title='bbox 1169 597 1261 662; x_wconf 85' lang='lat' dir='ltr'><strong>silvas,</strong></span> <span class='ocrx_word' id='word_1_29' title='bbox 1277 608 1455 651; x_wconf 85' lang='lat' dir='ltr'><strong>noetuautem</strong></span> <span class='ocrx_word' id='word_1_30' title='bbox 1466 598 1562 651; x_wconf 89' lang='lat' dir='ltr'><strong>multos</strong></span> <span class='ocrx_word' id='word_1_31' title='bbox 1573 601 1646 668; x_wconf 75' lang='lat' dir='ltr'><strong>ignes</strong></span> <span class='ocrx_word' id='word_1_32' title='bbox 1655 600 1749 653; x_wconf 88' lang='lat' dir='ltr'><strong>arden·</strong></span> 
     </span>
     <span class='ocr_line' id='line_1_4' title="bbox 129 676 1750 761; baseline 0.001 -21"><span class='ocrx_word' id='word_1_33' title='bbox 129 682 210 759; x_wconf 68' lang='lat' dir='ltr'><strong>utu,</strong></span> <span class='ocrx_word' id='word_1_34' title='bbox 220 678 311 747; x_wconf 80' lang='grc' dir='ltr'>νυκτὸς</span> <span class='ocrx_word' id='word_1_35' title='bbox 328 678 356 736; x_wconf 75' lang='grc' dir='ltr'><strong>δὲ</strong></span> <span class='ocrx_word' id='word_1_36' title='bbox 371 678 443 759; x_wconf 79' lang='lat' dir='ltr'><strong>nupti</strong></span> <span class='ocrx_word' id='word_1_37' title='bbox 459 700 487 736; x_wconf 83' lang='grc' dir='ltr'><strong>τε</strong></span> <span class='ocrx_word' id='word_1_38' title='bbox 504 676 590 735; x_wconf 73' lang='grc' dir='ltr'>πολλὰ</span> <span class='ocrx_word' id='word_1_39' title='bbox 611 676 751 753; x_wconf 72' lang='grc' dir='ltr'><strong>καιόμενα,</strong></span> <span class='ocrx_word' id='word_1_40' title='bbox 772 698 806 734; x_wconf 81' lang='grc' dir='ltr'><strong>κο</strong></span> <span class='ocrx_word' id='word_1_41' title='bbox 829 698 916 755; x_wconf 72' lang='grc' dir='ltr'>φωνην</span> <span class='ocrx_word' id='word_1_42' title='bbox 962 693 1011 749; x_wconf 82' lang='lat' dir='ltr'><strong>tea,</strong></span> <span class='ocrx_word' id='word_1_43' title='bbox 1021 693 1049 737; x_wconf 92' lang='lat' dir='ltr'><strong>et</strong></span> <span class='ocrx_word' id='word_1_44' title='bbox 1059 685 1269 739; x_wconf 83' lang='lat' dir='ltr'><strong>sonestibiarum</strong></span> <span class='ocrx_word' id='word_1_45' title='bbox 1279 685 1450 739; x_wconf 85' lang='lat' dir='ltr'><strong>audiebamus</strong></span> <span class='ocrx_word' id='word_1_46' title='bbox 1457 687 1671 758; x_wconf 84' lang='lat' dir='ltr'><strong>etcymbalorum</strong></span> <span class='ocrx_word' id='word_1_47' title='bbox 1681 699 1750 761; x_wconf 79' lang='lat' dir='ltr'><strong>tym-</strong></span> 
     </span>
    </p>
   </div>
   <div class='ocr_carea' id='block_1_3' title="bbox 130 813 169 828">
    <p class='ocr_par' dir='ltr' id='par_1_3' title="bbox 130 813 169 828">
     <span class='ocr_line' id='line_1_5' title="bbox 130 813 169 828; baseline 0 -3"><span class='ocrx_word' id='word_1_48' title='bbox 130 813 169 828; x_wconf 76' lang='grc'><strong>.-</strong></span> 
     </span>
    </p>
   </div>
   <div class='ocr_carea' id='block_1_4' title="bbox 128 876 1766 5308">
    <p class='ocr_par' dir='ltr' id='par_1_4' title="bbox 128 876 1766 5308">
     <span class='ocr_line' id='line_1_6' title="bbox 128 876 1752 952; baseline -0.002 -14"><span class='ocrx_word' id='word_1_49' title='bbox 128 884 227 938; x_wconf 87' lang='lat' dir='ltr'><strong>diebus</strong></span> <span class='ocrx_word' id='word_1_50' title='bbox 237 892 378 952; x_wconf 74' lang='lat' dir='ltr'><strong>antequam</strong></span> <span class='ocrx_word' id='word_1_51' title='bbox 390 882 417 933; x_wconf 90' lang='lat' dir='ltr'><strong>in</strong></span> <span class='ocrx_word' id='word_1_52' title='bbox 428 880 516 933; x_wconf 88' lang='lat' dir='ltr'><strong>sinum</strong></span> <span class='ocrx_word' id='word_1_53' title='bbox 529 880 687 950; x_wconf 90' lang='lat' dir='ltr'><strong>Hesperium</strong></span> <span class='ocrx_word' id='word_1_54' title='bbox 700 876 787 931; x_wconf 88' lang='lat' dir='ltr'><strong>classis</strong></span> <span class='ocrx_word' id='word_1_55' title='bbox 799 878 916 938; x_wconf 82' lang='lat' dir='ltr'><strong>veniret,</strong></span> <span class='ocrx_word' id='word_1_56' title='bbox 969 876 1106 930; x_wconf 85' lang='lat' dir='ltr'><strong>oclremate</strong></span> <span class='ocrx_word' id='word_1_57' title='bbox 1116 876 1243 947; x_wconf 86' lang='lat' dir='ltr'><strong>usquead</strong></span> <span class='ocrx_word' id='word_1_58' title='bbox 1255 877 1429 931; x_wconf 88' lang='lat' dir='ltr'><strong>Atlantiadem</strong></span> <span class='ocrx_word' id='word_1_59' title='bbox 1443 879 1565 933; x_wconf 85' lang='lat' dir='ltr'><strong>insulam.</strong></span> <span class='ocrx_word' id='word_1_60' title='bbox 1577 879 1661 934; x_wconf 79' lang='lat' dir='ltr'><strong>Vides</strong></span> <span class='ocrx_word' id='word_1_61' title='bbox 1672 883 1752 951; x_wconf 82' lang='lat' dir='ltr'><strong>igitur</strong></span> 
     </span>
     <span class='ocr_line' id='line_1_7' title="bbox 129 956 1751 1030; baseline -0.001 -13"><span class='ocrx_word' id='word_1_62' title='bbox 129 960 356 1017; x_wconf 71' lang='lat' dir='ltr'><strong>circumflectendi</strong></span> <span class='ocrx_word' id='word_1_63' title='bbox 368 960 461 1013; x_wconf 86' lang='lat' dir='ltr'><strong>erant?</strong></span> <span class='ocrx_word' id='word_1_64' title='bbox 475 960 530 1012; x_wconf 88' lang='lat' dir='ltr'><strong>Nos</strong></span> <span class='ocrx_word' id='word_1_65' title='bbox 543 960 623 1029; x_wconf 81' lang='lat' dir='ltr'><strong>igitur</strong></span> <span class='ocrx_word' id='word_1_66' title='bbox 633 976 687 1011; x_wconf 91' lang='lat' dir='ltr'><strong>non</strong></span> <span class='ocrx_word' id='word_1_67' title='bbox 708 958 818 1009; x_wconf 86' lang='lat' dir='ltr'><strong>miseere</strong></span> <span class='ocrx_word' id='word_1_68' title='bbox 830 957 921 1007; x_wconf 89' lang='lat' dir='ltr'><strong>incon·</strong></span> <span class='ocrx_word' id='word_1_69' title='bbox 962 956 1103 1027; x_wconf 77' lang='lat' dir='ltr'><strong>Polybium</strong></span> <span class='ocrx_word' id='word_1_70' title='bbox 1116 966 1143 1009; x_wconf 89' lang='lat' dir='ltr'><strong>et</strong></span> <span class='ocrx_word' id='word_1_71' title='bbox 1156 957 1233 1009; x_wconf 90' lang='lat' dir='ltr'><strong>Plinii</strong></span> <span class='ocrx_word' id='word_1_72' title='bbox 1249 956 1303 1028; x_wconf 87' lang='lat' dir='ltr'><strong>(V,</strong></span> <span class='ocrx_word' id='word_1_73' title='bbox 1317 956 1371 1029; x_wconf 81' lang='grc'><strong>36)</strong></span> <span class='ocrx_word' id='word_1_74' title='bbox 1386 968 1539 1023; x_wconf 77' lang='lat' dir='ltr'>auctorem,</span> <span class='ocrx_word' id='word_1_75' title='bbox 1555 963 1674 1030; x_wconf 76' lang='lat' dir='ltr'><strong>quamvis</strong></span> <span class='ocrx_word' id='word_1_76' title='bbox 1686 964 1751 1015; x_wconf 80' lang='lat' dir='ltr'><strong>Hes·</strong></span> 
     </span>
     <span class='ocr_line' id='line_1_8' title="bbox 131 1035 1752 1111; baseline 0.001 -18"><span class='ocrx_word' id='word_1_77' title='bbox 131 1060 210 1111; x_wconf 57' lang='lat' dir='ltr'><strong>pura,</strong></span> <span class='ocrx_word' id='word_1_78' title='bbox 223 1040 269 1093; x_wconf 87' lang='lat' dir='ltr'><strong>sed</strong></span> <span class='ocrx_word' id='word_1_79' title='bbox 281 1038 484 1093; x_wconf 79' lang='lat' dir='ltr'><strong>reetedistinere</strong></span> <span class='ocrx_word' id='word_1_80' title='bbox 493 1039 520 1090; x_wconf 90' lang='lat' dir='ltr'><strong>in</strong></span> <span class='ocrx_word' id='word_1_81' title='bbox 535 1054 608 1108; x_wconf 89' lang='lat' dir='ltr'><strong>seqq.</strong></span> <span class='ocrx_word' id='word_1_82' title='bbox 622 1035 797 1089; x_wconf 76' lang='lat' dir='ltr'>studebimus.</span> <span class='ocrx_word' id='word_1_83' title='bbox 811 1036 921 1088; x_wconf 76' lang='lat' dir='ltr'><strong>snnsut</strong></span> <span class='ocrx_word' id='word_1_84' title='bbox 961 1036 1066 1105; x_wconf 88' lang='lat' dir='ltr'><strong>perium</strong></span> <span class='ocrx_word' id='word_1_85' title='bbox 1077 1052 1151 1088; x_wconf 86' lang='lat' dir='ltr'><strong>ceras</strong></span> <span class='ocrx_word' id='word_1_86' title='bbox 1158 1035 1317 1089; x_wconf 82' lang='lat' dir='ltr'><strong>hodiernum</strong></span> <span class='ocrx_word' id='word_1_87' title='bbox 1328 1053 1381 1108; x_wconf 88' lang='lat' dir='ltr'><strong>cup</strong></span> <span class='ocrx_word' id='word_1_88' title='bbox 1392 1040 1457 1090; x_wconf 85' lang='lat' dir='ltr'><strong>Vert</strong></span> <span class='ocrx_word' id='word_1_89' title='bbox 1468 1038 1626 1109; x_wconf 76' lang='lat' dir='ltr'><strong>intelligant,</strong></span> <span class='ocrx_word' id='word_1_90' title='bbox 1639 1043 1752 1095; x_wconf 87' lang='lat' dir='ltr'><strong>minime</strong></span> 
     </span>
     <span class='ocr_line' id='line_1_9' title="bbox 132 1114 1752 1193; baseline 0 -19"><span class='ocrx_word' id='word_1_91' title='bbox 132 1120 248 1193; x_wconf 79' lang='lat' dir='ltr'><em>Hesperi</em></span> <span class='ocrx_word' id='word_1_92' title='bbox 263 1137 337 1172; x_wconf 84' lang='lat' dir='ltr'><strong>cerus</strong></span> <span class='ocrx_word' id='word_1_93' title='bbox 360 1135 404 1189; x_wconf 87' lang='lat' dir='ltr'><strong>ap.</strong></span> <span class='ocrx_word' id='word_1_94' title='bbox 427 1117 615 1179; x_wconf 76' lang='lat' dir='ltr'><strong>Ptolemeutu,</strong></span> <span class='ocrx_word' id='word_1_95' title='bbox 628 1116 759 1179; x_wconf 80' lang='lat' dir='ltr'><strong>Plinium,</strong></span> <span class='ocrx_word' id='word_1_96' title='bbox 781 1114 922 1169; x_wconf 85' lang='lat' dir='ltr'><strong>Philostra·</strong></span> <span class='ocrx_word' id='word_1_97' title='bbox 962 1123 1050 1167; x_wconf 85' lang='lat' dir='ltr'><strong>tamen</strong></span> <span class='ocrx_word' id='word_1_98' title='bbox 1070 1133 1102 1167; x_wconf 89' lang='lat' dir='ltr'><strong>ea</strong></span> <span class='ocrx_word' id='word_1_99' title='bbox 1121 1132 1180 1186; x_wconf 77' lang='lat' dir='ltr'><strong>que</strong></span> <span class='ocrx_word' id='word_1_100' title='bbox 1193 1116 1290 1168; x_wconf 86' lang='lat' dir='ltr'><strong>Hanno</strong></span> <span class='ocrx_word' id='word_1_101' title='bbox 1304 1114 1339 1167; x_wconf 89' lang='lat' dir='ltr'><strong>de</strong></span> <span class='ocrx_word' id='word_1_102' title='bbox 1358 1133 1408 1169; x_wconf 90' lang='lat' dir='ltr'><strong>suo</strong></span> <span class='ocrx_word' id='word_1_103' title='bbox 1427 1118 1537 1189; x_wconf 88' lang='lat' dir='ltr'><strong>Hesperi</strong></span> <span class='ocrx_word' id='word_1_104' title='bbox 1559 1137 1644 1171; x_wconf 90' lang='lat' dir='ltr'><strong>cornu</strong></span> <span class='ocrx_word' id='word_1_105' title='bbox 1662 1132 1752 1175; x_wconf 84' lang='lat' dir='ltr'><strong>namt</strong></span> 
     </span>
     <span class='ocr_line' id='line_1_10' title="bbox 131 1192 1753 1271; baseline -0.001 -18"><span class='ocrx_word' id='word_1_106' title='bbox 131 1212 193 1253; x_wconf 88' lang='lat' dir='ltr'><strong>tum</strong></span> <span class='ocrx_word' id='word_1_107' title='bbox 209 1200 261 1271; x_wconf 87' lang='lat' dir='ltr'><strong>(V.</strong></span> <span class='ocrx_word' id='word_1_108' title='bbox 283 1201 335 1269; x_wconf 87' lang='lat' dir='ltr'><strong>Ap.</strong></span> <span class='ocrx_word' id='word_1_109' title='bbox 351 1198 401 1259; x_wconf 90' lang='lat' dir='ltr'><strong>lV,</strong></span> <span class='ocrx_word' id='word_1_110' title='bbox 422 1196 502 1269; x_wconf 89' lang='lat' dir='ltr'><strong>init.)</strong></span> <span class='ocrx_word' id='word_1_111' title='bbox 522 1213 576 1249; x_wconf 93' lang='lat' dir='ltr'><strong>non</strong></span> <span class='ocrx_word' id='word_1_112' title='bbox 596 1196 684 1248; x_wconf 89' lang='lat' dir='ltr'><strong>sinum</strong></span> <span class='ocrx_word' id='word_1_113' title='bbox 698 1212 769 1259; x_wconf 82' lang='lat' dir='ltr'><strong>esse,</strong></span> <span class='ocrx_word' id='word_1_114' title='bbox 795 1192 841 1246; x_wconf 87' lang='lat' dir='ltr'><strong>sed</strong></span> <span class='ocrx_word' id='word_1_115' title='bbox 859 1210 922 1264; x_wconf 87' lang='lat' dir='ltr'><strong>pro-</strong></span> <span class='ocrx_word' id='word_1_116' title='bbox 963 1192 998 1245; x_wconf 89' lang='lat' dir='ltr'><strong>ad</strong></span> <span class='ocrx_word' id='word_1_117' title='bbox 1018 1196 1232 1265; x_wconf 77' lang='lat' dir='ltr'><strong>promontorium</strong></span> <span class='ocrx_word' id='word_1_118' title='bbox 1245 1193 1311 1247; x_wconf 90' lang='lat' dir='ltr'><strong>illud</strong></span> <span class='ocrx_word' id='word_1_119' title='bbox 1326 1194 1440 1260; x_wconf 69' lang='lat' dir='ltr'><strong>referre,</strong></span> <span class='ocrx_word' id='word_1_120' title='bbox 1459 1196 1507 1249; x_wconf 91' lang='lat' dir='ltr'><strong>sed</strong></span> <span class='ocrx_word' id='word_1_121' title='bbox 1523 1196 1616 1250; x_wconf 77' lang='grc' dir='ltr'>εοόοπι</span> <span class='ocrx_word' id='word_1_122' title='bbox 1634 1200 1692 1251; x_wconf 91' lang='lat' dir='ltr'><strong>loco</strong></span> <span class='ocrx_word' id='word_1_123' title='bbox 1705 1218 1753 1271; x_wconf 89' lang='lat' dir='ltr'><strong>po·</strong></span> 
     </span>
     <span class='ocr_line' id='line_1_11' title="bbox 131 1271 1752 1349; baseline 0.001 -18"><span class='ocrx_word' id='word_1_124' title='bbox 131 1278 301 1332; x_wconf 67' lang='lat' dir='ltr'><strong>muntium.</strong></span> <span class='ocrx_word' id='word_1_125' title='bbox 315 1278 396 1347; x_wconf 89' lang='lat' dir='ltr'><strong>Atqui</strong></span> <span class='ocrx_word' id='word_1_126' title='bbox 416 1293 449 1329; x_wconf 86' lang='lat' dir='ltr'><strong>eo</strong></span> <span class='ocrx_word' id='word_1_127' title='bbox 460 1275 534 1338; x_wconf 85' lang='lat' dir='ltr'><strong>loco,</strong></span> <span class='ocrx_word' id='word_1_128' title='bbox 546 1293 602 1345; x_wconf 90' lang='lat' dir='ltr'><strong>quo</strong></span> <span class='ocrx_word' id='word_1_129' title='bbox 616 1276 713 1327; x_wconf 88' lang='lat' dir='ltr'><strong>Hanno</strong></span> <span class='ocrx_word' id='word_1_130' title='bbox 726 1275 814 1326; x_wconf 85' lang='lat' dir='ltr'><strong>sinum</strong></span> <span class='ocrx_word' id='word_1_131' title='bbox 834 1271 921 1325; x_wconf 66' lang='lat' dir='ltr'><strong>‘Enri-</strong></span> <span class='ocrx_word' id='word_1_132' title='bbox 964 1290 1027 1325; x_wconf 74' lang='lat' dir='ltr'><strong>oete</strong></span> <span class='ocrx_word' id='word_1_133' title='bbox 1042 1291 1097 1344; x_wconf 87' lang='lat' dir='ltr'><strong>quo</strong></span> <span class='ocrx_word' id='word_1_134' title='bbox 1105 1276 1195 1345; x_wconf 87' lang='lat' dir='ltr'><strong>posuit</strong></span> <span class='ocrx_word' id='word_1_135' title='bbox 1208 1276 1319 1339; x_wconf 87' lang='lat' dir='ltr'><strong>Hanno,</strong></span> <span class='ocrx_word' id='word_1_136' title='bbox 1333 1274 1447 1346; x_wconf 89' lang='lat' dir='ltr'><strong>ideoque</strong></span> <span class='ocrx_word' id='word_1_137' title='bbox 1458 1275 1529 1328; x_wconf 88' lang='lat' dir='ltr'><strong>baud</strong></span> <span class='ocrx_word' id='word_1_138' title='bbox 1540 1279 1672 1330; x_wconf 85' lang='lat' dir='ltr'><strong>censuisse</strong></span> <span class='ocrx_word' id='word_1_139' title='bbox 1681 1279 1752 1349; x_wconf 88' lang='lat' dir='ltr'><strong>apud</strong></span> 
     </span>
     <span class='ocr_line' id='line_1_12' title="bbox 132 1352 1750 1429; baseline 0.001 -20"><span class='ocrx_word' id='word_1_140' title='bbox 132 1378 180 1429; x_wconf 78' lang='lat' dir='ltr'><strong>pou</strong></span> <span class='ocrx_word' id='word_1_141' title='bbox 203 1358 273 1428; x_wconf 80' lang='grc' dir='ltr'>ιέρος</span> <span class='ocrx_word' id='word_1_142' title='bbox 295 1358 387 1427; x_wconf 88' lang='lat' dir='ltr'><strong>ponit,</strong></span> <span class='ocrx_word' id='word_1_143' title='bbox 413 1356 626 1427; x_wconf 81' lang='lat' dir='ltr'><strong>promontorium</strong></span> <span class='ocrx_word' id='word_1_144' title='bbox 648 1352 819 1406; x_wconf 71' lang='lat' dir='ltr'><strong>memorabile</strong></span> <span class='ocrx_word' id='word_1_145' title='bbox 839 1361 923 1405; x_wconf 78' lang='lat' dir='ltr'><strong>exstat</strong></span> <span class='ocrx_word' id='word_1_146' title='bbox 964 1354 1123 1409; x_wconf 73' lang='lat' dir='ltr'><strong>Hannonem</strong></span> <span class='ocrx_word' id='word_1_147' title='bbox 1133 1357 1241 1409; x_wconf 88' lang='lat' dir='ltr'><strong>nomine</strong></span> <span class='ocrx_word' id='word_1_148' title='bbox 1252 1353 1370 1425; x_wconf 75' lang='lat' dir='ltr'><strong>‘Emdpou</strong></span> <span class='ocrx_word' id='word_1_149' title='bbox 1382 1357 1452 1424; x_wconf 77' lang='grc' dir='ltr'>πέρας</span> <span class='ocrx_word' id='word_1_150' title='bbox 1462 1356 1601 1425; x_wconf 73' lang='lat' dir='ltr'><strong>signilimri</strong></span> <span class='ocrx_word' id='word_1_151' title='bbox 1613 1375 1665 1429; x_wconf 85' lang='lat' dir='ltr'><strong>cup</strong></span> <span class='ocrx_word' id='word_1_152' title='bbox 1676 1360 1750 1411; x_wconf 79' lang='lat' dir='ltr'><strong>Vert.</strong></span> 
     </span>
     <span class='ocr_line' id='line_1_13' title="bbox 132 1430 1752 1508; baseline 0.001 -19"><span class='ocrx_word' id='word_1_153' title='bbox 132 1436 254 1501; x_wconf 73' lang='lat' dir='ltr'><strong>nullum,</strong></span> <span class='ocrx_word' id='word_1_154' title='bbox 267 1437 367 1507; x_wconf 90' lang='lat' dir='ltr'><strong>optime</strong></span> <span class='ocrx_word' id='word_1_155' title='bbox 378 1444 466 1487; x_wconf 84' lang='lat' dir='ltr'><strong>autem</strong></span> <span class='ocrx_word' id='word_1_156' title='bbox 478 1433 590 1504; x_wconf 86' lang='lat' dir='ltr'><strong>quadrat</strong></span> <span class='ocrx_word' id='word_1_157' title='bbox 604 1450 701 1486; x_wconf 86' lang='lat' dir='ltr'><strong>nomen</strong></span> <span class='ocrx_word' id='word_1_158' title='bbox 716 1434 744 1485; x_wconf 90' lang='lat' dir='ltr'><strong>in</strong></span> <span class='ocrx_word' id='word_1_159' title='bbox 763 1430 923 1485; x_wconf 87' lang='lat' dir='ltr'><strong>hodiernum</strong></span> <span class='ocrx_word' id='word_1_160' title='bbox 964 1435 1005 1486; x_wconf 84' lang='lat' dir='ltr'><strong>Eo</strong></span> <span class='ocrx_word' id='word_1_161' title='bbox 1018 1444 1121 1488; x_wconf 85' lang='lat' dir='ltr'><strong>tanturn</strong></span> <span class='ocrx_word' id='word_1_162' title='bbox 1139 1436 1173 1488; x_wconf 84' lang='lat' dir='ltr'><strong>ab</strong></span> <span class='ocrx_word' id='word_1_163' title='bbox 1189 1436 1328 1488; x_wconf 87' lang='lat' dir='ltr'><strong>Hannonis</strong></span> <span class='ocrx_word' id='word_1_164' title='bbox 1349 1436 1500 1488; x_wconf 67' lang='lat' dir='ltr'><strong>nutatione</strong></span> <span class='ocrx_word' id='word_1_165' title='bbox 1519 1435 1660 1502; x_wconf 86' lang='lat' dir='ltr'><strong>recedunt,</strong></span> <span class='ocrx_word' id='word_1_166' title='bbox 1680 1439 1752 1508; x_wconf 91' lang='lat' dir='ltr'><strong>quod</strong></span> 
     </span>
     <span class='ocr_line' id='line_1_14' title="bbox 131 1512 1754 1589; baseline 0.002 -22"><span class='ocrx_word' id='word_1_167' title='bbox 131 1534 187 1587; x_wconf 87' lang='lat' dir='ltr'><strong>cup</strong></span> <span class='ocrx_word' id='word_1_168' title='bbox 201 1518 281 1577; x_wconf 79' lang='lat' dir='ltr'><strong>Vere,</strong></span> <span class='ocrx_word' id='word_1_169' title='bbox 294 1514 393 1585; x_wconf 82' lang='lat' dir='ltr'><strong>quippe</strong></span> <span class='ocrx_word' id='word_1_170' title='bbox 403 1512 476 1584; x_wconf 93' lang='lat' dir='ltr'><strong>quod</strong></span> <span class='ocrx_word' id='word_1_171' title='bbox 490 1530 580 1583; x_wconf 89' lang='lat' dir='ltr'><strong>reapse</strong></span> <span class='ocrx_word' id='word_1_172' title='bbox 591 1514 712 1566; x_wconf 89' lang='lat' dir='ltr'><strong>omnium</strong></span> <span class='ocrx_word' id='word_1_173' title='bbox 724 1512 838 1563; x_wconf 84' lang='lat' dir='ltr'><strong>maxime</strong></span> <span class='ocrx_word' id='word_1_174' title='bbox 849 1526 923 1563; x_wconf 83' lang='lat' dir='ltr'><strong>occa·</strong></span> <span class='ocrx_word' id='word_1_175' title='bbox 965 1512 1097 1567; x_wconf 74' lang='lat' dir='ltr'><strong>Atlantem</strong></span> <span class='ocrx_word' id='word_1_176' title='bbox 1110 1514 1145 1568; x_wconf 90' lang='lat' dir='ltr'><strong>ad</strong></span> <span class='ocrx_word' id='word_1_177' title='bbox 1156 1516 1244 1567; x_wconf 88' lang='lat' dir='ltr'><strong>sinum</strong></span> <span class='ocrx_word' id='word_1_178' title='bbox 1257 1514 1331 1567; x_wconf 90' lang='lat' dir='ltr'><strong>illum</strong></span> <span class='ocrx_word' id='word_1_179' title='bbox 1351 1523 1473 1585; x_wconf 78' lang='lat' dir='ltr'><strong>penum,</strong></span> <span class='ocrx_word' id='word_1_180' title='bbox 1489 1514 1654 1585; x_wconf 86' lang='lat' dir='ltr'><strong>insulamque</strong></span> <span class='ocrx_word' id='word_1_181' title='bbox 1667 1517 1754 1589; x_wconf 90' lang='lat' dir='ltr'><strong>appel·</strong></span> 
     </span>
     <span class='ocr_line' id='line_1_15' title="bbox 132 1590 1752 1665; baseline 0.001 -17"><span class='ocrx_word' id='word_1_182' title='bbox 132 1614 195 1648; x_wconf 82' lang='lat' dir='ltr'><strong>sum</strong></span> <span class='ocrx_word' id='word_1_183' title='bbox 203 1594 441 1665; x_wconf 81' lang='lat' dir='ltr'><strong>verstuprocunit.</strong></span> <span class='ocrx_word' id='word_1_184' title='bbox 451 1590 585 1645; x_wconf 86' lang='lat' dir='ltr'><strong>Iodieatid</strong></span> <span class='ocrx_word' id='word_1_185' title='bbox 595 1592 808 1664; x_wconf 88' lang='lat' dir='ltr'><strong>promontorium</strong></span> <span class='ocrx_word' id='word_1_186' title='bbox 816 1590 922 1655; x_wconf 89' lang='lat' dir='ltr'><strong>Hanno,</strong></span> <span class='ocrx_word' id='word_1_187' title='bbox 965 1592 1020 1645; x_wconf 86' lang='lat' dir='ltr'><strong>lant</strong></span> <span class='ocrx_word' id='word_1_188' title='bbox 1036 1593 1230 1660; x_wconf 87' lang='lat' dir='ltr'><strong>Atlantiadem,</strong></span> <span class='ocrx_word' id='word_1_189' title='bbox 1251 1593 1466 1665; x_wconf 73' lang='lat' dir='ltr'><strong>mythologorum</strong></span> <span class='ocrx_word' id='word_1_190' title='bbox 1487 1594 1570 1647; x_wconf 87' lang='lat' dir='ltr'><strong>secuti</strong></span> <span class='ocrx_word' id='word_1_191' title='bbox 1589 1608 1752 1663; x_wconf 86' lang='lat' dir='ltr'><strong>commenta,</strong></span> 
     </span>
     <span class='ocr_line' id='line_1_16' title="bbox 132 1668 1756 1746; baseline 0.001 -17"><span class='ocrx_word' id='word_1_192' title='bbox 132 1673 184 1729; x_wconf 85' lang='lat' dir='ltr'><strong>sed</strong></span> <span class='ocrx_word' id='word_1_193' title='bbox 199 1692 285 1746; x_wconf 91' lang='lat' dir='ltr'><strong>neque</strong></span> <span class='ocrx_word' id='word_1_194' title='bbox 297 1690 395 1726; x_wconf 88' lang='lat' dir='ltr'><strong>nomen</strong></span> <span class='ocrx_word' id='word_1_195' title='bbox 409 1671 466 1743; x_wconf 88' lang='lat' dir='ltr'><strong>ejus</strong></span> <span class='ocrx_word' id='word_1_196' title='bbox 473 1671 561 1737; x_wconf 77' lang='lat' dir='ltr'><strong>affert,</strong></span> <span class='ocrx_word' id='word_1_197' title='bbox 577 1688 663 1742; x_wconf 87' lang='lat' dir='ltr'><strong>oeque</strong></span> <span class='ocrx_word' id='word_1_198' title='bbox 676 1670 710 1723; x_wconf 90' lang='lat' dir='ltr'><strong>de</strong></span> <span class='ocrx_word' id='word_1_199' title='bbox 722 1668 805 1740; x_wconf 74' lang='lat' dir='ltr'><strong>figura</strong></span> <span class='ocrx_word' id='word_1_200' title='bbox 825 1668 922 1733; x_wconf 80' lang='lat' dir='ltr'><strong>docet,</strong></span> <span class='ocrx_word' id='word_1_201' title='bbox 965 1671 999 1725; x_wconf 89' lang='lat' dir='ltr'><strong>de</strong></span> <span class='ocrx_word' id='word_1_202' title='bbox 1020 1674 1118 1744; x_wconf 90' lang='lat' dir='ltr'><strong>quibus</strong></span> <span class='ocrx_word' id='word_1_203' title='bbox 1136 1674 1218 1727; x_wconf 73' lang='lat' dir='ltr'><strong>lessius</strong></span> <span class='ocrx_word' id='word_1_204' title='bbox 1238 1676 1348 1745; x_wconf 84' lang='lat' dir='ltr'><strong>exponit</strong></span> <span class='ocrx_word' id='word_1_205' title='bbox 1367 1672 1503 1726; x_wconf 88' lang='lat' dir='ltr'><strong>Diodorus</strong></span> <span class='ocrx_word' id='word_1_206' title='bbox 1520 1675 1577 1739; x_wconf 91' lang='lat'><strong>111,</strong></span> <span class='ocrx_word' id='word_1_207' title='bbox 1594 1675 1637 1727; x_wconf 82' lang='lat'><strong>53.</strong></span> <span class='ocrx_word' id='word_1_208' title='bbox 1661 1678 1756 1730; x_wconf 84' lang='lat' dir='ltr'><strong>Narrat</strong></span> 
     </span>
     <span class='ocr_line' id='line_1_17' title="bbox 132 1746 1755 1826; baseline 0 -17"><span class='ocrx_word' id='word_1_209' title='bbox 132 1755 204 1809; x_wconf 86' lang='lat' dir='ltr'><strong>adeo</strong></span> <span class='ocrx_word' id='word_1_210' title='bbox 214 1765 244 1807; x_wconf 89' lang='lat' dir='ltr'><strong>ut</strong></span> <span class='ocrx_word' id='word_1_211' title='bbox 254 1753 410 1807; x_wconf 73' lang='lat' dir='ltr'><strong>Ptolemaeus</strong></span> <span class='ocrx_word' id='word_1_212' title='bbox 417 1753 549 1822; x_wconf 88' lang='lat' dir='ltr'><strong>ceterique</strong></span> <span class='ocrx_word' id='word_1_213' title='bbox 559 1750 666 1805; x_wconf 90' lang='lat' dir='ltr'><strong>aliunde</strong></span> <span class='ocrx_word' id='word_1_214' title='bbox 675 1750 838 1803; x_wconf 87' lang='lat' dir='ltr'><strong>accuratiora</strong></span> <span class='ocrx_word' id='word_1_215' title='bbox 847 1746 881 1801; x_wconf 91' lang='lat' dir='ltr'><strong>de</strong></span> <span class='ocrx_word' id='word_1_216' title='bbox 892 1766 925 1801; x_wconf 90' lang='lat' dir='ltr'><strong>eo</strong></span> <span class='ocrx_word' id='word_1_217' title='bbox 965 1752 1036 1805; x_wconf 90' lang='lat' dir='ltr'><strong>enim</strong></span> <span class='ocrx_word' id='word_1_218' title='bbox 1050 1771 1106 1806; x_wconf 73' lang='lat' dir='ltr'><strong>asse</strong></span> <span class='ocrx_word' id='word_1_219' title='bbox 1119 1754 1147 1806; x_wconf 91' lang='lat' dir='ltr'><strong>io</strong></span> <span class='ocrx_word' id='word_1_220' title='bbox 1161 1754 1202 1806; x_wconf 87' lang='lat' dir='ltr'><strong>bis</strong></span> <span class='ocrx_word' id='word_1_221' title='bbox 1218 1753 1373 1823; x_wconf 61' lang='lat' dir='ltr'><strong>regiomffl</strong></span> <span class='ocrx_word' id='word_1_222' title='bbox 1387 1752 1535 1817; x_wconf 85' lang='lat' dir='ltr'><strong>Atlantem,</strong></span> <span class='ocrx_word' id='word_1_223' title='bbox 1555 1764 1583 1806; x_wconf 89' lang='lat' dir='ltr'><strong>et</strong></span> <span class='ocrx_word' id='word_1_224' title='bbox 1596 1770 1679 1826; x_wconf 90' lang='lat' dir='ltr'><strong>prope</strong></span> <span class='ocrx_word' id='word_1_225' title='bbox 1693 1774 1755 1809; x_wconf 86' lang='lat' dir='ltr'><strong>euru</strong></span> 
     </span>
     <span class='ocr_line' id='line_1_18' title="bbox 133 1829 1756 1905; baseline 0.001 -18"><span class='ocrx_word' id='word_1_226' title='bbox 133 1834 267 1904; x_wconf 79' lang='lat' dir='ltr'><strong>accepisse</strong></span> <span class='ocrx_word' id='word_1_227' title='bbox 289 1831 411 1884; x_wconf 88' lang='lat' dir='ltr'><strong>debeant.</strong></span> <span class='ocrx_word' id='word_1_228' title='bbox 433 1832 503 1883; x_wconf 84' lang='lat' dir='ltr'><strong>Huic</strong></span> <span class='ocrx_word' id='word_1_229' title='bbox 522 1831 602 1899; x_wconf 72' lang='lat' dir='ltr'><strong>igitur</strong></span> <span class='ocrx_word' id='word_1_230' title='bbox 624 1829 808 1902; x_wconf 79' lang='lat' dir='ltr'><strong>pmmontorio</strong></span> <span class='ocrx_word' id='word_1_231' title='bbox 826 1846 924 1881; x_wconf 86' lang='lat' dir='ltr'><strong>nomeu</strong></span> <span class='ocrx_word' id='word_1_232' title='bbox 965 1830 994 1882; x_wconf 91' lang='lat' dir='ltr'><strong>in</strong></span> <span class='ocrx_word' id='word_1_233' title='bbox 1006 1832 1147 1885; x_wconf 81' lang='lat' dir='ltr'><strong>Tritonide</strong></span> <span class='ocrx_word' id='word_1_234' title='bbox 1166 1832 1263 1904; x_wconf 87' lang='lat' dir='ltr'><strong>palude</strong></span> <span class='ocrx_word' id='word_1_235' title='bbox 1285 1831 1363 1904; x_wconf 75' lang='lat' dir='ltr'><strong>(quae</strong></span> <span class='ocrx_word' id='word_1_236' title='bbox 1380 1849 1443 1885; x_wconf 89' lang='lat' dir='ltr'><strong>cum</strong></span> <span class='ocrx_word' id='word_1_237' title='bbox 1464 1832 1526 1885; x_wconf 92' lang='lat' dir='ltr'><strong>sinu</strong></span> <span class='ocrx_word' id='word_1_238' title='bbox 1542 1830 1662 1904; x_wconf 75' lang='grc' dir='ltr'>Ἑσπέρου</span> <span class='ocrx_word' id='word_1_239' title='bbox 1675 1836 1756 1905; x_wconf 77' lang='grc' dir='ltr'>κέρατι</span> 
     </span>
     <span class='ocr_line' id='line_1_19' title="bbox 139 1906 1755 1984; baseline 0.004 -22"><span class='ocrx_word' id='word_1_240' title='bbox 139 1912 260 1983; x_wconf 64' lang='grc' dir='ltr'>Ἑσπέρου</span> <span class='ocrx_word' id='word_1_241' title='bbox 278 1908 521 1981; x_wconf 73' lang='grc' dir='ltr'><strong>πίροςίοάἰάοωοῑ.</strong></span> <span class='ocrx_word' id='word_1_242' title='bbox 543 1908 576 1962; x_wconf 92' lang='lat' dir='ltr'><strong>Id</strong></span> <span class='ocrx_word' id='word_1_243' title='bbox 596 1909 750 1962; x_wconf 89' lang='lat' dir='ltr'><strong>translatum</strong></span> <span class='ocrx_word' id='word_1_244' title='bbox 766 1924 799 1959; x_wconf 89' lang='lat' dir='ltr'><strong>eo</strong></span> <span class='ocrx_word' id='word_1_245' title='bbox 819 1924 875 1959; x_wconf 88' lang='lat' dir='ltr'><strong>esse</strong></span> <span class='ocrx_word' id='word_1_246' title='bbox 890 1906 924 1959; x_wconf 86' lang='lat' dir='ltr'><strong>ab</strong></span> <span class='ocrx_word' id='word_1_247' title='bbox 966 1910 1449 1984; x_wconf 83' lang='lat' dir='ltr'><strong>Hannoniscomponcndaest)luisse</strong></span> <span class='ocrx_word' id='word_1_248' title='bbox 1458 1914 1755 1980; x_wconf 83' lang='lat' dir='ltr'><strong>Amazonuminsulam,</strong></span> 
     </span>
     <span class='ocr_line' id='line_1_20' title="bbox 134 1986 1754 2061; baseline 0.002 -18"><span class='ocrx_word' id='word_1_249' title='bbox 134 1992 296 2061; x_wconf 74' lang='lat' dir='ltr'><strong>cognomine</strong></span> <span class='ocrx_word' id='word_1_250' title='bbox 311 1990 371 2042; x_wconf 88' lang='lat' dir='ltr'><strong>sinu</strong></span> <span class='ocrx_word' id='word_1_251' title='bbox 385 1990 533 2053; x_wconf 85' lang='lat' dir='ltr'><strong>Hannonis,</strong></span> <span class='ocrx_word' id='word_1_252' title='bbox 547 2006 601 2041; x_wconf 91' lang='lat' dir='ltr'><strong>non</strong></span> <span class='ocrx_word' id='word_1_253' title='bbox 614 1986 797 2059; x_wconf 82' lang='lat' dir='ltr'><strong>improbabile,</strong></span> <span class='ocrx_word' id='word_1_254' title='bbox 810 1986 857 2039; x_wconf 88' lang='lat' dir='ltr'><strong>etsi</strong></span> <span class='ocrx_word' id='word_1_255' title='bbox 870 2002 924 2038; x_wconf 89' lang='lat' dir='ltr'><strong>non</strong></span> <span class='ocrx_word' id='word_1_256' title='bbox 971 1987 1122 2060; x_wconf 77' lang='grc' dir='ltr'>Ἐοπέραυ</span> <span class='ocrx_word' id='word_1_257' title='bbox 1136 1990 1250 2056; x_wconf 86' lang='lat' dir='ltr'><strong>dictam,</strong></span> <span class='ocrx_word' id='word_1_258' title='bbox 1267 2007 1352 2061; x_wconf 88' lang='lat' dir='ltr'><strong>quum</strong></span> <span class='ocrx_word' id='word_1_259' title='bbox 1366 2008 1457 2043; x_wconf 78' lang='lat' dir='ltr'><strong>versus</strong></span> <span class='ocrx_word' id='word_1_260' title='bbox 1472 2008 1594 2043; x_wconf 84' lang='lat' dir='ltr'><strong>oceasum</strong></span> <span class='ocrx_word' id='word_1_261' title='bbox 1609 1993 1658 2045; x_wconf 88' lang='lat' dir='ltr'><strong>sita</strong></span> <span class='ocrx_word' id='word_1_262' title='bbox 1679 2005 1754 2048; x_wconf 87' lang='lat' dir='ltr'><strong>essct.</strong></span> 
     </span>
     <span class='ocr_line' id='line_1_21' title="bbox 134 2062 1756 2140; baseline 0.001 -17"><span class='ocrx_word' id='word_1_263' title='bbox 134 2072 236 2123; x_wconf 82' lang='lat' dir='ltr'><strong>certior</strong></span> <span class='ocrx_word' id='word_1_264' title='bbox 247 2088 289 2122; x_wconf 84' lang='lat' dir='ltr'><strong>rea</strong></span> <span class='ocrx_word' id='word_1_265' title='bbox 299 2071 343 2134; x_wconf 87' lang='lat' dir='ltr'><strong>sit,</strong></span> <span class='ocrx_word' id='word_1_266' title='bbox 353 2086 433 2138; x_wconf 87' lang='lat' dir='ltr'><strong>quam</strong></span> <span class='ocrx_word' id='word_1_267' title='bbox 446 2068 467 2119; x_wconf 89' lang='lat' dir='ltr'><strong>si</strong></span> <span class='ocrx_word' id='word_1_268' title='bbox 479 2068 538 2137; x_wconf 90' lang='lat' dir='ltr'><strong>quis</strong></span> <span class='ocrx_word' id='word_1_269' title='bbox 549 2066 630 2118; x_wconf 83' lang='grc' dir='ltr'>Νότου</span> <span class='ocrx_word' id='word_1_270' title='bbox 644 2067 723 2135; x_wconf 66' lang='lat' dir='ltr'><strong>ripae,</strong></span> <span class='ocrx_word' id='word_1_271' title='bbox 736 2066 763 2117; x_wconf 88' lang='lat' dir='ltr'><strong>in</strong></span> <span class='ocrx_word' id='word_1_272' title='bbox 775 2082 822 2116; x_wconf 79' lang='lat' dir='ltr'><strong>ora</strong></span> <span class='ocrx_word' id='word_1_273' title='bbox 835 2062 925 2133; x_wconf 65' lang='lat' dir='ltr'><strong>Libye</strong></span> <span class='ocrx_word' id='word_1_274' title='bbox 966 2068 1041 2121; x_wconf 86' lang='lat' dir='ltr'><strong>Idem</strong></span> <span class='ocrx_word' id='word_1_275' title='bbox 1058 2070 1087 2121; x_wconf 92' lang='lat' dir='ltr'><strong>in</strong></span> <span class='ocrx_word' id='word_1_276' title='bbox 1106 2070 1157 2122; x_wconf 84' lang='lat' dir='ltr'><strong>hae</strong></span> <span class='ocrx_word' id='word_1_277' title='bbox 1171 2069 1348 2122; x_wconf 88' lang='lat' dir='ltr'><strong>Atlantiorum</strong></span> <span class='ocrx_word' id='word_1_278' title='bbox 1361 2078 1431 2121; x_wconf 87' lang='lat' dir='ltr'><strong>terra</strong></span> <span class='ocrx_word' id='word_1_279' title='bbox 1445 2069 1483 2122; x_wconf 88' lang='lat' dir='ltr'><strong>ait</strong></span> <span class='ocrx_word' id='word_1_280' title='bbox 1501 2069 1695 2140; x_wconf 72' lang='grc' dir='ltr'>μυόυλογεῖοόαι</span> <span class='ocrx_word' id='word_1_281' title='bbox 1711 2070 1756 2138; x_wconf 75' lang='grc' dir='ltr'><strong>τὴν</strong></span> 
     </span>
     <span class='ocr_line' id='line_1_22' title="bbox 135 2141 1758 2223; baseline 0 -20"><span class='ocrx_word' id='word_1_282' title='bbox 135 2150 259 2203; x_wconf 76' lang='lat' dir='ltr'><strong>orientali</strong></span> <span class='ocrx_word' id='word_1_283' title='bbox 279 2148 507 2219; x_wconf 89' lang='lat' dir='ltr'><strong>promontorium,</strong></span> <span class='ocrx_word' id='word_1_284' title='bbox 522 2146 555 2199; x_wconf 84' lang='lat' dir='ltr'><strong>sb</strong></span> <span class='ocrx_word' id='word_1_285' title='bbox 574 2146 731 2213; x_wconf 78' lang='lat' dir='ltr'><strong>cognomine</strong></span> <span class='ocrx_word' id='word_1_286' title='bbox 753 2144 814 2195; x_wconf 88' lang='lat' dir='ltr'><strong>sinu</strong></span> <span class='ocrx_word' id='word_1_287' title='bbox 830 2141 925 2213; x_wconf 89' lang='lat' dir='ltr'><strong>Peripli</strong></span> <span class='ocrx_word' id='word_1_288' title='bbox 967 2152 1016 2200; x_wconf 67' lang='grc' dir='ltr'><strong>τῶν</strong></span> <span class='ocrx_word' id='word_1_289' title='bbox 1029 2150 1090 2201; x_wconf 67' lang='grc' dir='ltr'><strong>θεῶν</strong></span> <span class='ocrx_word' id='word_1_290' title='bbox 1102 2150 1207 2221; x_wconf 65' lang='grc' dir='ltr'><strong>γένεσιν,</strong></span> <span class='ocrx_word' id='word_1_291' title='bbox 1223 2147 1304 2219; x_wconf 85' lang='lat' dir='ltr'><strong>idque</strong></span> <span class='ocrx_word' id='word_1_292' title='bbox 1318 2165 1343 2200; x_wconf 91' lang='lat' dir='ltr'><strong>e.</strong></span> <span class='ocrx_word' id='word_1_293' title='bbox 1364 2150 1399 2201; x_wconf 82' lang='grc'><strong>68</strong></span> <span class='ocrx_word' id='word_1_294' title='bbox 1418 2148 1539 2218; x_wconf 83' lang='lat' dir='ltr'><strong>pluribus</strong></span> <span class='ocrx_word' id='word_1_295' title='bbox 1552 2146 1639 2201; x_wconf 89' lang='lat' dir='ltr'><strong>docet.</strong></span> <span class='ocrx_word' id='word_1_296' title='bbox 1656 2152 1758 2223; x_wconf 86' lang='lat' dir='ltr'><strong>Nempe</strong></span> 
     </span>
     <span class='ocr_line' id='line_1_23' title="bbox 136 2223 1758 2297; baseline -0.006 -15"><span class='ocrx_word' id='word_1_297' title='bbox 136 2230 223 2282; x_wconf 90' lang='lat' dir='ltr'><strong>nostri</strong></span> <span class='ocrx_word' id='word_1_298' title='bbox 234 2228 433 2281; x_wconf 86' lang='lat' dir='ltr'><strong>denominatum</strong></span> <span class='ocrx_word' id='word_1_299' title='bbox 445 2225 586 2278; x_wconf 75' lang='lat' dir='ltr'><strong>assediost.</strong></span> <span class='ocrx_word' id='word_1_300' title='bbox 596 2223 745 2277; x_wconf 78' lang='lat' dir='ltr'><strong>Transierri</strong></span> <span class='ocrx_word' id='word_1_301' title='bbox 757 2234 843 2275; x_wconf 85' lang='lat' dir='ltr'><strong>tamen</strong></span> <span class='ocrx_word' id='word_1_302' title='bbox 853 2231 927 2274; x_wconf 85' lang='lat' dir='ltr'><strong>tatrto</strong></span> <span class='ocrx_word' id='word_1_303' title='bbox 967 2226 1120 2291; x_wconf 80' lang='lat' dir='ltr'><strong>Saturnum,</strong></span> <span class='ocrx_word' id='word_1_304' title='bbox 1133 2226 1238 2294; x_wconf 69' lang='lat' dir='ltr'><strong>niqaion</strong></span> <span class='ocrx_word' id='word_1_305' title='bbox 1251 2232 1300 2279; x_wconf 77' lang='grc' dir='ltr'><strong>τῶν</strong></span> <span class='ocrx_word' id='word_1_306' title='bbox 1315 2226 1454 2296; x_wconf 76' lang='lat' dir='ltr'><strong>llepmrlus</strong></span> <span class='ocrx_word' id='word_1_307' title='bbox 1467 2224 1628 2296; x_wconf 68' lang='grc' dir='ltr'>καλοψέυου</span> <span class='ocrx_word' id='word_1_308' title='bbox 1641 2226 1705 2297; x_wconf 66' lang='grc' dir='ltr'><strong>ὀρῶν</strong></span> <span class='ocrx_word' id='word_1_309' title='bbox 1717 2248 1758 2282; x_wconf 59' lang='grc' dir='ltr'><strong>ιη.</strong></span> 
     </span>
     <span class='ocr_line' id='line_1_24' title="bbox 136 2299 1758 2380; baseline 0.001 -19"><span class='ocrx_word' id='word_1_310' title='bbox 136 2308 240 2361; x_wconf 82' lang='lat' dir='ltr'><strong>facilius</strong></span> <span class='ocrx_word' id='word_1_311' title='bbox 251 2308 347 2378; x_wconf 89' lang='lat' dir='ltr'><strong>potuit,</strong></span> <span class='ocrx_word' id='word_1_312' title='bbox 358 2323 441 2376; x_wconf 90' lang='lat' dir='ltr'><strong>quum</strong></span> <span class='ocrx_word' id='word_1_313' title='bbox 451 2323 483 2357; x_wconf 83' lang='lat' dir='ltr'><strong>ex</strong></span> <span class='ocrx_word' id='word_1_314' title='bbox 495 2306 649 2357; x_wconf 73' lang='lat' dir='ltr'><strong>Graecorum</strong></span> <span class='ocrx_word' id='word_1_315' title='bbox 662 2299 786 2371; x_wconf 75' lang='lat' dir='ltr'><strong>loquendi</strong></span> <span class='ocrx_word' id='word_1_316' title='bbox 798 2318 847 2353; x_wconf 70' lang='lat' dir='ltr'><strong>usu</strong></span> <span class='ocrx_word' id='word_1_317' title='bbox 859 2302 927 2370; x_wconf 65' lang='grc' dir='ltr'>κέρας</span> <span class='ocrx_word' id='word_1_318' title='bbox 968 2316 1109 2373; x_wconf 72' lang='lat' dir='ltr'><strong>quantem,</strong></span> <span class='ocrx_word' id='word_1_319' title='bbox 1130 2324 1164 2359; x_wconf 78' lang='lat' dir='ltr'><strong>ex</strong></span> <span class='ocrx_word' id='word_1_320' title='bbox 1185 2306 1322 2360; x_wconf 87' lang='lat' dir='ltr'><strong>Amalthea</strong></span> <span class='ocrx_word' id='word_1_321' title='bbox 1348 2305 1481 2358; x_wconf 75' lang='lat' dir='ltr'><strong>lincolium</strong></span> <span class='ocrx_word' id='word_1_322' title='bbox 1502 2308 1657 2377; x_wconf 78' lang='lat' dir='ltr'><strong>suscepisse,</strong></span> <span class='ocrx_word' id='word_1_323' title='bbox 1679 2319 1758 2380; x_wconf 89' lang='lat' dir='ltr'><strong>atque</strong></span> 
     </span>
     <span class='ocr_line' id='line_1_25' title="bbox 138 2378 1757 2458; baseline -0.004 -18"><span class='ocrx_word' id='word_1_324' title='bbox 138 2406 191 2440; x_wconf 81' lang='lat' dir='ltr'><strong>vos</strong></span> <span class='ocrx_word' id='word_1_325' title='bbox 205 2387 239 2440; x_wconf 89' lang='lat' dir='ltr'><strong>de</strong></span> <span class='ocrx_word' id='word_1_326' title='bbox 256 2386 440 2458; x_wconf 90' lang='lat' dir='ltr'><strong>promontorio</strong></span> <span class='ocrx_word' id='word_1_327' title='bbox 449 2384 537 2455; x_wconf 90' lang='lat' dir='ltr'><strong>potius</strong></span> <span class='ocrx_word' id='word_1_328' title='bbox 550 2400 629 2454; x_wconf 86' lang='lat' dir='ltr'><strong>quam</strong></span> <span class='ocrx_word' id='word_1_329' title='bbox 645 2380 679 2434; x_wconf 90' lang='lat' dir='ltr'><strong>de</strong></span> <span class='ocrx_word' id='word_1_330' title='bbox 692 2382 752 2433; x_wconf 91' lang='lat' dir='ltr'><strong>sinu</strong></span> <span class='ocrx_word' id='word_1_331' title='bbox 767 2378 873 2449; x_wconf 77' lang='lat' dir='ltr'><strong>intelligi</strong></span> <span class='ocrx_word' id='word_1_332' title='bbox 885 2398 927 2432; x_wconf 88' lang='lat' dir='ltr'><strong>so·</strong></span> <span class='ocrx_word' id='word_1_333' title='bbox 968 2386 1045 2437; x_wconf 82' lang='lat' dir='ltr'><strong>uxori</strong></span> <span class='ocrx_word' id='word_1_334' title='bbox 1058 2384 1160 2438; x_wconf 77' lang='lat' dir='ltr'><strong>dedisse</strong></span> <span class='ocrx_word' id='word_1_335' title='bbox 1171 2387 1311 2457; x_wconf 87' lang='lat' dir='ltr'><strong>imperium</strong></span> <span class='ocrx_word' id='word_1_336' title='bbox 1322 2389 1366 2438; x_wconf 82' lang='grc' dir='ltr'><strong>τοῦ</strong></span> <span class='ocrx_word' id='word_1_337' title='bbox 1386 2385 1505 2456; x_wconf 64' lang='lat' dir='ltr'><strong>ciuem&lt;</strong></span> <span class='ocrx_word' id='word_1_338' title='bbox 1515 2385 1592 2438; x_wconf 82' lang='grc' dir='ltr'>τόπου</span> <span class='ocrx_word' id='word_1_339' title='bbox 1603 2386 1702 2453; x_wconf 78' lang='grc' dir='ltr'><strong>παντὸς,</strong></span> <span class='ocrx_word' id='word_1_340' title='bbox 1716 2390 1757 2441; x_wconf 65' lang='grc' dir='ltr'><strong>όν.</strong></span> 
     </span>
     <span class='ocr_line' id='line_1_26' title="bbox 137 2456 1759 2535; baseline -0.001 -16"><span class='ocrx_word' id='word_1_341' title='bbox 137 2468 213 2519; x_wconf 80' lang='lat' dir='ltr'><strong>lemt.</strong></span> <span class='ocrx_word' id='word_1_342' title='bbox 236 2466 391 2519; x_wconf 74' lang='lat' dir='ltr'><strong>Ptolemaeus</strong></span> <span class='ocrx_word' id='word_1_343' title='bbox 412 2476 508 2535; x_wconf 82' lang='lat' dir='ltr'><strong>praeter</strong></span> <span class='ocrx_word' id='word_1_344' title='bbox 527 2462 740 2534; x_wconf 88' lang='lat' dir='ltr'><strong>promontorium</strong></span> <span class='ocrx_word' id='word_1_345' title='bbox 764 2456 836 2512; x_wconf 72' lang='lat' dir='ltr'><strong>‘Eum</strong></span> <span class='ocrx_word' id='word_1_346' title='bbox 859 2460 928 2529; x_wconf 75' lang='grc' dir='ltr'>κόρας</span> <span class='ocrx_word' id='word_1_347' title='bbox 968 2469 1057 2535; x_wconf 52' lang='lat' dir='ltr'><strong>rogetis</strong></span> <span class='ocrx_word' id='word_1_348' title='bbox 1075 2465 1186 2535; x_wconf 65' lang='grc' dir='ltr'>σχήματι</span> <span class='ocrx_word' id='word_1_349' title='bbox 1205 2464 1377 2535; x_wconf 68' lang='grc' dir='ltr'>παραπλησίου</span> <span class='ocrx_word' id='word_1_350' title='bbox 1390 2464 1472 2534; x_wconf 73' lang='grc' dir='ltr'>πέρατι</span> <span class='ocrx_word' id='word_1_351' title='bbox 1494 2464 1560 2534; x_wconf 76' lang='grc' dir='ltr'>βοός,</span> <span class='ocrx_word' id='word_1_352' title='bbox 1577 2464 1618 2535; x_wconf 73' lang='grc' dir='ltr'><strong>ἀφ’</strong></span> <span class='ocrx_word' id='word_1_353' title='bbox 1634 2460 1664 2531; x_wconf 76' lang='grc' dir='ltr'><strong>ἧς</strong></span> <span class='ocrx_word' id='word_1_354' title='bbox 1679 2467 1759 2531; x_wconf 69' lang='grc' dir='ltr'>αἰτίας</span> 
     </span>
     <span class='ocr_line' id='line_1_27' title="bbox 136 2536 1759 2615; baseline 0.001 -17"><span class='ocrx_word' id='word_1_355' title='bbox 136 2547 217 2599; x_wconf 87' lang='lat' dir='ltr'><strong>etiam</strong></span> <span class='ocrx_word' id='word_1_356' title='bbox 234 2544 327 2598; x_wconf 77' lang='grc' dir='ltr'>κόλπου</span> <span class='ocrx_word' id='word_1_357' title='bbox 351 2541 478 2613; x_wconf 77' lang='lat' dir='ltr'><strong>‘Em-‚ipim</strong></span> <span class='ocrx_word' id='word_1_358' title='bbox 493 2550 639 2604; x_wconf 87' lang='lat' dir='ltr'><strong>memorat,</strong></span> <span class='ocrx_word' id='word_1_359' title='bbox 659 2550 686 2592; x_wconf 88' lang='lat' dir='ltr'><strong>at</strong></span> <span class='ocrx_word' id='word_1_360' title='bbox 700 2556 754 2591; x_wconf 89' lang='lat' dir='ltr'><strong>uon</strong></span> <span class='ocrx_word' id='word_1_361' title='bbox 771 2555 786 2591; x_wconf 84' lang='lat' dir='ltr'><strong>a</strong></span> <span class='ocrx_word' id='word_1_362' title='bbox 801 2536 926 2603; x_wconf 86' lang='lat' dir='ltr'><strong>meridie,</strong></span> <span class='ocrx_word' id='word_1_363' title='bbox 972 2540 1462 2615; x_wconf 59' lang='lat' dir='ltr'><strong>‘Ecelpoonipecrpooaqopmidmm</strong></span> <span class='ocrx_word' id='word_1_364' title='bbox 1473 2544 1546 2613; x_wconf 92' lang='lat' dir='ltr'><strong>quod</strong></span> <span class='ocrx_word' id='word_1_365' title='bbox 1556 2562 1653 2597; x_wconf 89' lang='lat' dir='ltr'><strong>nomen</strong></span> <span class='ocrx_word' id='word_1_366' title='bbox 1663 2546 1759 2601; x_wconf 88' lang='lat' dir='ltr'><strong>deinde</strong></span> 
     </span>
     <span class='ocr_line' id='line_1_28' title="bbox 138 2616 1759 2694; baseline 0.001 -17"><span class='ocrx_word' id='word_1_367' title='bbox 138 2624 187 2677; x_wconf 86' lang='lat' dir='ltr'><strong>sed</strong></span> <span class='ocrx_word' id='word_1_368' title='bbox 200 2643 217 2677; x_wconf 93' lang='lat' dir='ltr'><strong>a</strong></span> <span class='ocrx_word' id='word_1_369' title='bbox 234 2624 316 2677; x_wconf 83' lang='lat' dir='ltr'><strong>borea</strong></span> <span class='ocrx_word' id='word_1_370' title='bbox 329 2623 393 2676; x_wconf 91' lang='lat' dir='ltr'><strong>dicti</strong></span> <span class='ocrx_word' id='word_1_371' title='bbox 411 2622 586 2693; x_wconf 89' lang='lat' dir='ltr'><strong>promontorii</strong></span> <span class='ocrx_word' id='word_1_372' title='bbox 604 2620 702 2683; x_wconf 89' lang='lat' dir='ltr'><strong>situm,</strong></span> <span class='ocrx_word' id='word_1_373' title='bbox 721 2616 756 2670; x_wconf 91' lang='lat' dir='ltr'><strong>de</strong></span> <span class='ocrx_word' id='word_1_374' title='bbox 775 2636 830 2688; x_wconf 92' lang='lat' dir='ltr'><strong>quo</strong></span> <span class='ocrx_word' id='word_1_375' title='bbox 848 2634 928 2689; x_wconf 84' lang='lat' dir='ltr'><strong>supra</strong></span> <span class='ocrx_word' id='word_1_376' title='bbox 969 2632 1102 2675; x_wconf 88' lang='lat' dir='ltr'><strong>mutatum</strong></span> <span class='ocrx_word' id='word_1_377' title='bbox 1114 2624 1149 2675; x_wconf 91' lang='lat' dir='ltr'><strong>sit</strong></span> <span class='ocrx_word' id='word_1_378' title='bbox 1162 2624 1190 2676; x_wconf 90' lang='lat' dir='ltr'><strong>in</strong></span> <span class='ocrx_word' id='word_1_379' title='bbox 1207 2622 1351 2694; x_wconf 72' lang='grc' dir='ltr'>Ἀμαλθείας</span> <span class='ocrx_word' id='word_1_380' title='bbox 1369 2623 1448 2692; x_wconf 77' lang='grc' dir='ltr'><strong>κέρας.</strong></span> <span class='ocrx_word' id='word_1_381' title='bbox 1464 2621 1600 2675; x_wconf 88' lang='lat' dir='ltr'><strong>Diodorus</strong></span> <span class='ocrx_word' id='word_1_382' title='bbox 1614 2624 1694 2693; x_wconf 79' lang='lat' dir='ltr'><strong>igitur</strong></span> <span class='ocrx_word' id='word_1_383' title='bbox 1711 2645 1759 2678; x_wconf 88' lang='lat' dir='ltr'><strong>no-</strong></span> 
     </span>
     <span class='ocr_line' id='line_1_29' title="bbox 135 2697 1760 2774; baseline 0.002 -19"><span class='ocrx_word' id='word_1_384' title='bbox 135 2704 193 2774; x_wconf 85' lang='lat' dir='ltr'><strong>jam</strong></span> <span class='ocrx_word' id='word_1_385' title='bbox 204 2704 308 2756; x_wconf 87' lang='lat' dir='ltr'><strong>monui.</strong></span> <span class='ocrx_word' id='word_1_386' title='bbox 325 2706 346 2755; x_wconf 89' lang='lat' dir='ltr'><strong>A</strong></span> <span class='ocrx_word' id='word_1_387' title='bbox 360 2701 469 2755; x_wconf 87' lang='lat' dir='ltr'><strong>meridie</strong></span> <span class='ocrx_word' id='word_1_388' title='bbox 479 2720 566 2772; x_wconf 89' lang='lat' dir='ltr'><strong>prom.</strong></span> <span class='ocrx_word' id='word_1_389' title='bbox 577 2697 679 2751; x_wconf 84' lang='lat' dir='ltr'><strong>viridis</strong></span> <span class='ocrx_word' id='word_1_390' title='bbox 695 2697 850 2751; x_wconf 73' lang='lat' dir='ltr'><strong>Ptolomeus</strong></span> <span class='ocrx_word' id='word_1_391' title='bbox 863 2697 928 2750; x_wconf 92' lang='lat' dir='ltr'><strong>nihil</strong></span> <span class='ocrx_word' id='word_1_392' title='bbox 970 2720 1031 2753; x_wconf 90' lang='lat' dir='ltr'><strong>men</strong></span> <span class='ocrx_word' id='word_1_393' title='bbox 1048 2719 1063 2754; x_wconf 92' lang='lat' dir='ltr'><strong>a</strong></span> <span class='ocrx_word' id='word_1_394' title='bbox 1075 2704 1136 2755; x_wconf 89' lang='lat' dir='ltr'><strong>sinu</strong></span> <span class='ocrx_word' id='word_1_395' title='bbox 1153 2704 1302 2757; x_wconf 86' lang='lat' dir='ltr'><strong>Hannoneo</strong></span> <span class='ocrx_word' id='word_1_396' title='bbox 1311 2701 1346 2755; x_wconf 91' lang='lat' dir='ltr'><strong>ad</strong></span> <span class='ocrx_word' id='word_1_397' title='bbox 1361 2699 1523 2771; x_wconf 88' lang='lat' dir='ltr'><strong>adjacentem</strong></span> <span class='ocrx_word' id='word_1_398' title='bbox 1535 2710 1632 2754; x_wconf 84' lang='lat' dir='ltr'><strong>terram</strong></span> <span class='ocrx_word' id='word_1_399' title='bbox 1646 2712 1760 2758; x_wconf 86' lang='lat' dir='ltr'><strong>transtu·</strong></span> 
     </span>
     <span class='ocr_line' id='line_1_30' title="bbox 139 2777 1759 2853; baseline 0 -18"><span class='ocrx_word' id='word_1_400' title='bbox 139 2784 191 2836; x_wconf 91' lang='lat' dir='ltr'><strong>uisi</strong></span> <span class='ocrx_word' id='word_1_401' title='bbox 207 2782 376 2837; x_wconf 82' lang='lat' dir='ltr'><strong>Masitbolurn</strong></span> <span class='ocrx_word' id='word_1_402' title='bbox 397 2780 548 2853; x_wconf 81' lang='lat' dir='ltr'><strong>(Gurubiu)</strong></span> <span class='ocrx_word' id='word_1_403' title='bbox 568 2780 632 2833; x_wconf 90' lang='lat' dir='ltr'><strong>llur.</strong></span> <span class='ocrx_word' id='word_1_404' title='bbox 648 2788 674 2831; x_wconf 88' lang='lat' dir='ltr'><strong>et</strong></span> <span class='ocrx_word' id='word_1_405' title='bbox 685 2777 824 2849; x_wconf 78' lang='lat' dir='ltr'><strong>AEthiopire</strong></span> <span class='ocrx_word' id='word_1_406' title='bbox 837 2778 929 2848; x_wconf 73' lang='lat' dir='ltr'><strong>Hypo-</strong></span> <span class='ocrx_word' id='word_1_407' title='bbox 970 2778 1018 2843; x_wconf 89' lang='lat' dir='ltr'><strong>lit;</strong></span> <span class='ocrx_word' id='word_1_408' title='bbox 1033 2790 1103 2833; x_wconf 92' lang='lat' dir='ltr'><strong>ocrte</strong></span> <span class='ocrx_word' id='word_1_409' title='bbox 1116 2781 1182 2833; x_wconf 89' lang='lat' dir='ltr'><strong>nibil</strong></span> <span class='ocrx_word' id='word_1_410' title='bbox 1196 2781 1341 2852; x_wconf 89' lang='lat' dir='ltr'><strong>quidquam</strong></span> <span class='ocrx_word' id='word_1_411' title='bbox 1353 2778 1431 2832; x_wconf 83' lang='lat' dir='ltr'><strong>video</strong></span> <span class='ocrx_word' id='word_1_412' title='bbox 1446 2796 1495 2831; x_wconf 92' lang='lat' dir='ltr'><strong>cur</strong></span> <span class='ocrx_word' id='word_1_413' title='bbox 1508 2778 1541 2832; x_wconf 89' lang='lat' dir='ltr'><strong>nd</strong></span> <span class='ocrx_word' id='word_1_414' title='bbox 1553 2781 1686 2849; x_wconf 81' lang='lat' dir='ltr'><strong>regionem</strong></span> <span class='ocrx_word' id='word_1_415' title='bbox 1697 2800 1759 2852; x_wconf 90' lang='lat' dir='ltr'><strong>pro-</strong></span> 
     </span>
     <span class='ocr_line' id='line_1_31' title="bbox 139 2855 1760 2933; baseline -0.001 -16"><span class='ocrx_word' id='word_1_416' title='bbox 139 2863 267 2917; x_wconf 89' lang='lat' dir='ltr'><strong>dromum</strong></span> <span class='ocrx_word' id='word_1_417' title='bbox 279 2872 306 2916; x_wconf 90' lang='lat' dir='ltr'><strong>et</strong></span> <span class='ocrx_word' id='word_1_418' title='bbox 317 2863 344 2915; x_wconf 92' lang='lat' dir='ltr'><strong>in</strong></span> <span class='ocrx_word' id='word_1_419' title='bbox 354 2860 551 2922; x_wconf 85' lang='lat' dir='ltr'><strong>mediterraneis</strong></span> <span class='ocrx_word' id='word_1_420' title='bbox 565 2858 631 2930; x_wconf 89' lang='lat' dir='ltr'><strong>(sub</strong></span> <span class='ocrx_word' id='word_1_421' title='bbox 644 2855 736 2912; x_wconf 88' lang='lat' dir='ltr'><strong>eudem</strong></span> <span class='ocrx_word' id='word_1_422' title='bbox 744 2856 798 2911; x_wconf 88' lang='lat' dir='ltr'><strong>lere</strong></span> <span class='ocrx_word' id='word_1_423' title='bbox 809 2876 860 2928; x_wconf 88' lang='lat' dir='ltr'><strong>qua</strong></span> <span class='ocrx_word' id='word_1_424' title='bbox 873 2860 930 2912; x_wconf 87' lang='lat' dir='ltr'><strong>Ma·</strong></span> <span class='ocrx_word' id='word_1_425' title='bbox 971 2861 1097 2913; x_wconf 91' lang='lat' dir='ltr'><strong>montorii</strong></span> <span class='ocrx_word' id='word_1_426' title='bbox 1105 2860 1208 2914; x_wconf 89' lang='lat' dir='ltr'><strong>Viridis</strong></span> <span class='ocrx_word' id='word_1_427' title='bbox 1216 2862 1304 2933; x_wconf 89' lang='lat' dir='ltr'><strong>potius</strong></span> <span class='ocrx_word' id='word_1_428' title='bbox 1310 2856 1478 2914; x_wconf 77' lang='lat' dir='ltr'><strong>referendum</strong></span> <span class='ocrx_word' id='word_1_429' title='bbox 1485 2859 1527 2924; x_wconf 88' lang='lat' dir='ltr'><strong>sit,</strong></span> <span class='ocrx_word' id='word_1_430' title='bbox 1536 2877 1619 2930; x_wconf 91' lang='lat' dir='ltr'><strong>quum</strong></span> <span class='ocrx_word' id='word_1_431' title='bbox 1628 2859 1760 2917; x_wconf 78' lang='lat' dir='ltr'><strong>Atlantem</strong></span> 
     </span>
     <span class='ocr_line' id='line_1_32' title="bbox 139 2937 1760 3013; baseline 0.001 -19"><span class='ocrx_word' id='word_1_432' title='bbox 139 2942 267 2995; x_wconf 87' lang='lat' dir='ltr'><strong>sitholum</strong></span> <span class='ocrx_word' id='word_1_433' title='bbox 279 2941 389 2994; x_wconf 78' lang='lat' dir='ltr'><strong>fluvium</strong></span> <span class='ocrx_word' id='word_1_434' title='bbox 406 2939 544 2993; x_wconf 84' lang='lat' dir='ltr'><strong>latitudine</strong></span> <span class='ocrx_word' id='word_1_435' title='bbox 555 2939 563 3010; x_wconf 75' lang='lat' dir='ltr'>J</span> <span class='ocrx_word' id='word_1_436' title='bbox 574 2938 668 2991; x_wconf 78' lang='lat' dir='ltr'><strong>Tbedn</strong></span> <span class='ocrx_word' id='word_1_437' title='bbox 685 2937 795 2990; x_wconf 85' lang='lat' dir='ltr'><strong>ochema</strong></span> <span class='ocrx_word' id='word_1_438' title='bbox 811 2947 930 2990; x_wconf 89' lang='lat' dir='ltr'><strong>montem</strong></span> <span class='ocrx_word' id='word_1_439' title='bbox 971 2951 998 2992; x_wconf 91' lang='lat' dir='ltr'><strong>et</strong></span> <span class='ocrx_word' id='word_1_440' title='bbox 1007 2942 1159 3011; x_wconf 71' lang='lat' dir='ltr'><strong>Hesperiam</strong></span> <span class='ocrx_word' id='word_1_441' title='bbox 1171 2942 1282 2995; x_wconf 84' lang='lat' dir='ltr'><strong>insulam</strong></span> <span class='ocrx_word' id='word_1_442' title='bbox 1294 2951 1410 3013; x_wconf 80' lang='lat' dir='ltr'><strong>spectare</strong></span> <span class='ocrx_word' id='word_1_443' title='bbox 1419 2939 1548 2993; x_wconf 87' lang='lat' dir='ltr'><strong>adsinum</strong></span> <span class='ocrx_word' id='word_1_444' title='bbox 1561 2939 1633 2993; x_wconf 91' lang='lat' dir='ltr'><strong>illum</strong></span> <span class='ocrx_word' id='word_1_445' title='bbox 1646 2960 1661 2994; x_wconf 96' lang='lat' dir='ltr'><strong>e</strong></span> <span class='ocrx_word' id='word_1_446' title='bbox 1672 2943 1760 2996; x_wconf 88' lang='lat' dir='ltr'><strong>Plinio</strong></span> 
     </span>
     <span class='ocr_line' id='line_1_33' title="bbox 140 3015 1758 3092; baseline 0.002 -18"><span class='ocrx_word' id='word_1_447' title='bbox 140 3022 260 3075; x_wconf 87' lang='lat' dir='ltr'><strong>collocat.</strong></span> <span class='ocrx_word' id='word_1_448' title='bbox 281 3021 329 3072; x_wconf 86' lang='lat' dir='ltr'><strong>His</strong></span> <span class='ocrx_word' id='word_1_449' title='bbox 342 3021 422 3088; x_wconf 73' lang='lat' dir='ltr'><strong>igitur</strong></span> <span class='ocrx_word' id='word_1_450' title='bbox 435 3020 500 3073; x_wconf 91' lang='lat' dir='ltr'><strong>nihil</strong></span> <span class='ocrx_word' id='word_1_451' title='bbox 521 3017 575 3071; x_wconf 80' lang='lat' dir='ltr'><strong>iere</strong></span> <span class='ocrx_word' id='word_1_452' title='bbox 594 3035 655 3070; x_wconf 88' lang='lat' dir='ltr'><strong>cum</strong></span> <span class='ocrx_word' id='word_1_453' title='bbox 671 3017 808 3069; x_wconf 88' lang='lat' dir='ltr'><strong>Hannonis</strong></span> <span class='ocrx_word' id='word_1_454' title='bbox 825 3015 931 3087; x_wconf 89' lang='lat' dir='ltr'><strong>Periplo</strong></span> <span class='ocrx_word' id='word_1_455' title='bbox 971 3031 999 3072; x_wconf 94' lang='lat' dir='ltr'><strong>et</strong></span> <span class='ocrx_word' id='word_1_456' title='bbox 1011 3021 1121 3091; x_wconf 75' lang='lat' dir='ltr'><strong>Polybio</strong></span> <span class='ocrx_word' id='word_1_457' title='bbox 1135 3032 1247 3074; x_wconf 86' lang='lat' dir='ltr'><strong>constet.</strong></span> <span class='ocrx_word' id='word_1_458' title='bbox 1263 3021 1416 3092; x_wconf 67' lang='grc' dir='ltr'>ῃ-πυρά</span> <span class='ocrx_word' id='word_1_459' title='bbox 1434 3039 1467 3073; x_wconf 80' lang='grc' dir='ltr'><strong>τε</strong></span> <span class='ocrx_word' id='word_1_460' title='bbox 1484 3018 1594 3073; x_wconf 75' lang='grc' dir='ltr'>πολλὰ</span> <span class='ocrx_word' id='word_1_461' title='bbox 1605 3021 1680 3074; x_wconf 74' lang='grc' dir='ltr'><strong>’κτλΙ</strong></span> <span class='ocrx_word' id='word_1_462' title='bbox 1693 3025 1703 3091; x_wconf 93' lang='grc'><strong>]</strong></span> <span class='ocrx_word' id='word_1_463' title='bbox 1716 3025 1758 3077; x_wconf 79' lang='lat' dir='ltr'><strong>Cf.</strong></span> 
     </span>
     <span class='ocr_line' id='line_1_34' title="bbox 140 3094 1761 3169; baseline 0.002 -17"><span class='ocrx_word' id='word_1_464' title='bbox 140 3094 895 3168; x_wconf 70' lang='lat' dir='ltr'><strong>communeoesesatisliquetPolybiusveroapudPlio.V,</strong></span> <span class='ocrx_word' id='word_1_465' title='bbox 905 3113 929 3149; x_wconf 92' lang='lat'><strong>1.</strong></span> <span class='ocrx_word' id='word_1_466' title='bbox 973 3099 1125 3150; x_wconf 82' lang='lat' dir='ltr'><strong>Aristoteles</strong></span> <span class='ocrx_word' id='word_1_467' title='bbox 1137 3101 1200 3151; x_wconf 84' lang='lat' dir='ltr'><strong>Mir.</strong></span> <span class='ocrx_word' id='word_1_468' title='bbox 1217 3117 1241 3150; x_wconf 94' lang='lat' dir='ltr'><strong>c.</strong></span> <span class='ocrx_word' id='word_1_469' title='bbox 1258 3099 1291 3168; x_wconf 84' lang='lat'><strong>37</strong></span> <span class='ocrx_word' id='word_1_470' title='bbox 1308 3097 1352 3150; x_wconf 90' lang='lat' dir='ltr'><strong>cd.</strong></span> <span class='ocrx_word' id='word_1_471' title='bbox 1372 3099 1520 3153; x_wconf 90' lang='lat' dir='ltr'><strong>Westerm.</strong></span> <span class='ocrx_word' id='word_1_472' title='bbox 1535 3115 1542 3150; x_wconf 74' lang='grc' dir='ltr'>ι</span> <span class='ocrx_word' id='word_1_473' title='bbox 1558 3101 1660 3169; x_wconf 75' lang='grc' dir='ltr'>Λέγεται</span> <span class='ocrx_word' id='word_1_474' title='bbox 1673 3101 1700 3153; x_wconf 82' lang='grc' dir='ltr'><strong>δὲ</strong></span> <span class='ocrx_word' id='word_1_475' title='bbox 1720 3103 1761 3155; x_wconf 85' lang='lat' dir='ltr'><strong>rud</strong></span> 
     </span>
     <span class='ocr_line' id='line_1_35' title="bbox 140 3173 1759 3249; baseline 0.001 -17"><span class='ocrx_word' id='word_1_476' title='bbox 140 3179 222 3233; x_wconf 85' lang='lat' dir='ltr'><strong>relert</strong></span> <span class='ocrx_word' id='word_1_477' title='bbox 233 3197 250 3232; x_wconf 86' lang='lat' dir='ltr'><strong>a</strong></span> <span class='ocrx_word' id='word_1_478' title='bbox 261 3177 357 3232; x_wconf 80' lang='lat' dir='ltr'><strong>Tbedn</strong></span> <span class='ocrx_word' id='word_1_479' title='bbox 371 3178 508 3230; x_wconf 87' lang='lat' dir='ltr'><strong>ochemate</strong></span> <span class='ocrx_word' id='word_1_480' title='bbox 522 3192 606 3246; x_wconf 91' lang='lat' dir='ltr'><strong>usque</strong></span> <span class='ocrx_word' id='word_1_481' title='bbox 617 3174 651 3227; x_wconf 88' lang='lat' dir='ltr'><strong>ad</strong></span> <span class='ocrx_word' id='word_1_482' title='bbox 661 3173 867 3246; x_wconf 82' lang='lat' dir='ltr'><strong>promontorium</strong></span> <span class='ocrx_word' id='word_1_483' title='bbox 879 3175 932 3227; x_wconf 89' lang='lat' dir='ltr'><strong>lle·</strong></span> <span class='ocrx_word' id='word_1_484' title='bbox 973 3177 1004 3227; x_wconf 76' lang='grc' dir='ltr'><strong>τὰ</strong></span> <span class='ocrx_word' id='word_1_485' title='bbox 1018 3177 1064 3239; x_wconf 81' lang='grc' dir='ltr'><strong>ἔξω</strong></span> <span class='ocrx_word' id='word_1_486' title='bbox 1079 3179 1176 3246; x_wconf 76' lang='grc' dir='ltr'>στηλῶν</span> <span class='ocrx_word' id='word_1_487' title='bbox 1195 3177 1349 3249; x_wconf 73' lang='grc' dir='ltr'>Ἡρακλείων</span> <span class='ocrx_word' id='word_1_488' title='bbox 1363 3179 1483 3242; x_wconf 71' lang='grc' dir='ltr'><strong>καίεσθαι,</strong></span> <span class='ocrx_word' id='word_1_489' title='bbox 1499 3177 1531 3231; x_wconf 78' lang='grc' dir='ltr'><strong>τὰ</strong></span> <span class='ocrx_word' id='word_1_490' title='bbox 1544 3177 1587 3248; x_wconf 75' lang='grc' dir='ltr'><strong>μὲν</strong></span> <span class='ocrx_word' id='word_1_491' title='bbox 1599 3178 1640 3230; x_wconf 78' lang='grc' dir='ltr'><strong>διὰ</strong></span> <span class='ocrx_word' id='word_1_492' title='bbox 1654 3181 1759 3246; x_wconf 84' lang='grc' dir='ltr'><strong>παντός,</strong></span> 
     </span>
     <span class='ocr_line' id='line_1_36' title="bbox 140 3253 1758 3330; baseline 0.002 -20"><span class='ocrx_word' id='word_1_493' title='bbox 140 3261 260 3329; x_wconf 75' lang='lat' dir='ltr'><strong>apetium</strong></span> <span class='ocrx_word' id='word_1_494' title='bbox 270 3257 462 3327; x_wconf 79' lang='lat' dir='ltr'><strong>navigationem</strong></span> <span class='ocrx_word' id='word_1_495' title='bbox 470 3253 624 3308; x_wconf 82' lang='lat' dir='ltr'><strong>assedeeem</strong></span> <span class='ocrx_word' id='word_1_496' title='bbox 633 3253 929 3324; x_wconf 84' lang='lat' dir='ltr'><strong>dierumnoctiumque;</strong></span> <span class='ocrx_word' id='word_1_497' title='bbox 973 3257 1004 3310; x_wconf 77' lang='lat' dir='ltr'><strong>rit</strong></span> <span class='ocrx_word' id='word_1_498' title='bbox 1016 3258 1043 3310; x_wconf 80' lang='grc' dir='ltr'><strong>δὲ</strong></span> <span class='ocrx_word' id='word_1_499' title='bbox 1065 3258 1159 3328; x_wconf 84' lang='grc' dir='ltr'>υόκτωρ</span> <span class='ocrx_word' id='word_1_500' title='bbox 1173 3259 1261 3329; x_wconf 76' lang='grc' dir='ltr'><strong>μόνον,</strong></span> <span class='ocrx_word' id='word_1_501' title='bbox 1277 3257 1310 3318; x_wconf 80' lang='grc' dir='ltr'><strong>ὥς</strong></span> <span class='ocrx_word' id='word_1_502' title='bbox 1330 3257 1477 3318; x_wconf 67' lang='lat' dir='ltr'><strong>dilutiore&lt;</strong></span> <span class='ocrx_word' id='word_1_503' title='bbox 1499 3257 1634 3326; x_wconf 80' lang='grc' dir='ltr'>ΠερΙπλους</span> <span class='ocrx_word' id='word_1_504' title='bbox 1656 3259 1758 3330; x_wconf 79' lang='grc' dir='ltr'><strong>Ιοτορεῖ,</strong></span> 
     </span>
     <span class='ocr_line' id='line_1_37' title="bbox 141 3333 1762 3409; baseline 0.001 -18"><span class='ocrx_word' id='word_1_505' title='bbox 141 3339 170 3391; x_wconf 91' lang='lat' dir='ltr'><strong>in</strong></span> <span class='ocrx_word' id='word_1_506' title='bbox 180 3337 309 3392; x_wconf 87' lang='lat' dir='ltr'><strong>medioeo</strong></span> <span class='ocrx_word' id='word_1_507' title='bbox 320 3337 467 3408; x_wconf 70' lang='lat' dir='ltr'><strong>spatiooese</strong></span> <span class='ocrx_word' id='word_1_508' title='bbox 474 3333 617 3389; x_wconf 79' lang='lat' dir='ltr'><strong>Atlantem.</strong></span> <span class='ocrx_word' id='word_1_509' title='bbox 629 3334 661 3385; x_wconf 95' lang='lat' dir='ltr'><strong>In</strong></span> <span class='ocrx_word' id='word_1_510' title='bbox 669 3333 710 3386; x_wconf 88' lang='lat' dir='ltr'><strong>his</strong></span> <span class='ocrx_word' id='word_1_511' title='bbox 719 3349 826 3403; x_wconf 84' lang='lat' dir='ltr'><strong>quoque</strong></span> <span class='ocrx_word' id='word_1_512' title='bbox 834 3334 932 3404; x_wconf 79' lang='lat' dir='ltr'><strong>Hespe·</strong></span> <span class='ocrx_word' id='word_1_513' title='bbox 973 3337 1073 3392; x_wconf 83' lang='lat' dir='ltr'><strong>Eadem</strong></span> <span class='ocrx_word' id='word_1_514' title='bbox 1084 3339 1193 3409; x_wconf 90' lang='lat' dir='ltr'><strong>poeticis</strong></span> <span class='ocrx_word' id='word_1_515' title='bbox 1202 3337 1333 3406; x_wconf 81' lang='lat' dir='ltr'><strong>figmentis</strong></span> <span class='ocrx_word' id='word_1_516' title='bbox 1342 3347 1419 3388; x_wconf 89' lang='lat' dir='ltr'><strong>aucta</strong></span> <span class='ocrx_word' id='word_1_517' title='bbox 1427 3335 1527 3388; x_wconf 90' lang='lat' dir='ltr'><strong>Plinius</strong></span> <span class='ocrx_word' id='word_1_518' title='bbox 1537 3337 1573 3400; x_wconf 88' lang='lat' dir='ltr'><strong>V,</strong></span> <span class='ocrx_word' id='word_1_519' title='bbox 1587 3353 1598 3387; x_wconf 89' lang='lat'>1</span> <span class='ocrx_word' id='word_1_520' title='bbox 1611 3335 1645 3388; x_wconf 89' lang='lat' dir='ltr'><strong>de</strong></span> <span class='ocrx_word' id='word_1_521' title='bbox 1657 3337 1762 3393; x_wconf 85' lang='lat' dir='ltr'><strong>Atlante</strong></span> 
     </span>
     <span class='ocr_line' id='line_1_38' title="bbox 140 3411 1761 3490; baseline 0 -18"><span class='ocrx_word' id='word_1_522' title='bbox 140 3419 212 3472; x_wconf 86' lang='lat' dir='ltr'><strong>rium</strong></span> <span class='ocrx_word' id='word_1_523' title='bbox 223 3417 438 3489; x_wconf 76' lang='lat' dir='ltr'><strong>promontorium</strong></span> <span class='ocrx_word' id='word_1_524' title='bbox 448 3414 590 3486; x_wconf 64' lang='lat' dir='ltr'><strong>respondet</strong></span> <span class='ocrx_word' id='word_1_525' title='bbox 604 3411 669 3465; x_wconf 83' lang='lat' dir='ltr'><strong>ltod.</strong></span> <span class='ocrx_word' id='word_1_526' title='bbox 681 3430 733 3486; x_wconf 89' lang='lat' dir='ltr'><strong>cup</strong></span> <span class='ocrx_word' id='word_1_527' title='bbox 746 3415 827 3476; x_wconf 83' lang='lat' dir='ltr'><strong>Vert,</strong></span> <span class='ocrx_word' id='word_1_528' title='bbox 844 3411 931 3466; x_wconf 87' lang='lat' dir='ltr'><strong>iudea</strong></span> <span class='ocrx_word' id='word_1_529' title='bbox 974 3429 1063 3472; x_wconf 91' lang='lat' dir='ltr'><strong>monte</strong></span> <span class='ocrx_word' id='word_1_530' title='bbox 1078 3428 1167 3472; x_wconf 86' lang='lat' dir='ltr'><strong>narrat</strong></span> <span class='ocrx_word' id='word_1_531' title='bbox 1181 3417 1280 3490; x_wconf 90' lang='lat' dir='ltr'><strong>(quem</strong></span> <span class='ocrx_word' id='word_1_532' title='bbox 1292 3415 1346 3468; x_wconf 90' lang='lat' dir='ltr'><strong>bue</strong></span> <span class='ocrx_word' id='word_1_533' title='bbox 1358 3425 1505 3488; x_wconf 87' lang='lat' dir='ltr'><strong>posuerunt</strong></span> <span class='ocrx_word' id='word_1_534' title='bbox 1519 3416 1650 3480; x_wconf 89' lang='lat' dir='ltr'><strong>nonnulli,</strong></span> <span class='ocrx_word' id='word_1_535' title='bbox 1661 3419 1761 3472; x_wconf 88' lang='lat' dir='ltr'><strong>Plinius</strong></span> 
     </span>
     <span class='ocr_line' id='line_1_39' title="bbox 142 3492 1761 3570; baseline 0 -18"><span class='ocrx_word' id='word_1_536' title='bbox 142 3497 218 3568; x_wconf 77' lang='lat' dir='ltr'><strong>majus</strong></span> <span class='ocrx_word' id='word_1_537' title='bbox 228 3509 304 3570; x_wconf 88' lang='lat' dir='ltr'><strong>parte</strong></span> <span class='ocrx_word' id='word_1_538' title='bbox 318 3495 483 3550; x_wconf 89' lang='lat' dir='ltr'><strong>meridionali</strong></span> <span class='ocrx_word' id='word_1_539' title='bbox 496 3511 580 3566; x_wconf 86' lang='lat' dir='ltr'><strong>usque</strong></span> <span class='ocrx_word' id='word_1_540' title='bbox 593 3492 732 3547; x_wconf 72' lang='lat' dir='ltr'><strong>edilredo</strong></span> <span class='ocrx_word' id='word_1_541' title='bbox 748 3493 858 3545; x_wconf 79' lang='lat' dir='ltr'><strong>ochema</strong></span> <span class='ocrx_word' id='word_1_542' title='bbox 878 3511 930 3546; x_wconf 85' lang='lat' dir='ltr'><strong>see.</strong></span> <span class='ocrx_word' id='word_1_543' title='bbox 974 3515 1037 3550; x_wconf 81' lang='lat' dir='ltr'><strong>vero</strong></span> <span class='ocrx_word' id='word_1_544' title='bbox 1053 3514 1113 3550; x_wconf 91' lang='lat' dir='ltr'><strong>cum</strong></span> <span class='ocrx_word' id='word_1_545' title='bbox 1133 3497 1300 3550; x_wconf 71' lang='lat' dir='ltr'><strong>Mauritaniae</strong></span> <span class='ocrx_word' id='word_1_546' title='bbox 1314 3506 1405 3548; x_wconf 91' lang='lat' dir='ltr'><strong>monte</strong></span> <span class='ocrx_word' id='word_1_547' title='bbox 1427 3493 1586 3568; x_wconf 76' lang='lat' dir='ltr'><strong>confundit)</strong></span> <span class='ocrx_word' id='word_1_548' title='bbox 1602 3499 1648 3550; x_wconf 79' lang='lat' dir='ltr'><strong>:E</strong></span> <span class='ocrx_word' id='word_1_549' title='bbox 1667 3498 1761 3552; x_wconf 78' lang='lat' dir='ltr'><strong>mediis</strong></span> 
     </span>
     <span class='ocr_line' id='line_1_40' title="bbox 143 3572 1759 3648; baseline -0.001 -16"><span class='ocrx_word' id='word_1_550' title='bbox 143 3579 303 3632; x_wconf 81' lang='lat' dir='ltr'><strong>Hannonem</strong></span> <span class='ocrx_word' id='word_1_551' title='bbox 312 3577 454 3630; x_wconf 87' lang='lat' dir='ltr'><strong>estdeoem</strong></span> <span class='ocrx_word' id='word_1_552' title='bbox 466 3575 569 3628; x_wconf 83' lang='lat' dir='ltr'><strong>dierum</strong></span> <span class='ocrx_word' id='word_1_553' title='bbox 582 3574 713 3643; x_wconf 78' lang='lat' dir='ltr'><strong>navigatio</strong></span> <span class='ocrx_word' id='word_1_554' title='bbox 722 3572 934 3644; x_wconf 82' lang='lat' dir='ltr'><strong>ettpaodexcur·</strong></span> <span class='ocrx_word' id='word_1_555' title='bbox 974 3578 1042 3630; x_wconf 78' lang='lat' dir='ltr'><strong>derne</strong></span> <span class='ocrx_word' id='word_1_556' title='bbox 1064 3577 1152 3631; x_wconf 80' lang='lat' dir='ltr'><strong>urrnis</strong></span> <span class='ocrx_word' id='word_1_557' title='bbox 1166 3576 1195 3630; x_wconf 89' lang='lat' dir='ltr'><strong>in</strong></span> <span class='ocrx_word' id='word_1_558' title='bbox 1214 3575 1306 3630; x_wconf 76' lang='lat' dir='ltr'><strong>cultim</strong></span> <span class='ocrx_word' id='word_1_559' title='bbox 1318 3575 1408 3628; x_wconf 82' lang='lat' dir='ltr'><strong>attolli</strong></span> <span class='ocrx_word' id='word_1_560' title='bbox 1424 3573 1608 3648; x_wconf 82' lang='lat' dir='ltr'><strong>prodiderunt,</strong></span> <span class='ocrx_word' id='word_1_561' title='bbox 1623 3593 1759 3648; x_wconf 75' lang='lat' dir='ltr'><strong>asperum,</strong></span> 
     </span>
     <span class='ocr_line' id='line_1_41' title="bbox 144 3651 1761 3728; baseline 0.004 -23"><span class='ocrx_word' id='word_1_562' title='bbox 144 3659 193 3722; x_wconf 57' lang='grc' dir='ltr'><strong>πίῃ</strong></span> <span class='ocrx_word' id='word_1_563' title='bbox 206 3657 331 3728; x_wconf 76' lang='lat' dir='ltr'><strong>Polybius</strong></span> <span class='ocrx_word' id='word_1_564' title='bbox 350 3655 460 3710; x_wconf 87' lang='lat' dir='ltr'><strong>totidem</strong></span> <span class='ocrx_word' id='word_1_565' title='bbox 474 3654 530 3707; x_wconf 88' lang='lat' dir='ltr'><strong>dies</strong></span> <span class='ocrx_word' id='word_1_566' title='bbox 548 3664 692 3723; x_wconf 90' lang='lat' dir='ltr'><strong>noctesque</strong></span> <span class='ocrx_word' id='word_1_567' title='bbox 705 3661 844 3715; x_wconf 91' lang='lat' dir='ltr'><strong>numerat;</strong></span> <span class='ocrx_word' id='word_1_568' title='bbox 860 3651 933 3722; x_wconf 87' lang='lat' dir='ltr'><strong>quod</strong></span> <span class='ocrx_word' id='word_1_569' title='bbox 974 3657 1148 3728; x_wconf 77' lang='lat' dir='ltr'><strong>sqrrnlentem,</strong></span> <span class='ocrx_word' id='word_1_570' title='bbox 1161 3675 1216 3728; x_wconf 82' lang='lat' dir='ltr'><strong>quu</strong></span> <span class='ocrx_word' id='word_1_571' title='bbox 1228 3666 1321 3724; x_wconf 79' lang='lat' dir='ltr'><strong>uergat</strong></span> <span class='ocrx_word' id='word_1_572' title='bbox 1336 3655 1374 3707; x_wconf 87' lang='lat' dir='ltr'><strong>nd</strong></span> <span class='ocrx_word' id='word_1_573' title='bbox 1386 3654 1466 3708; x_wconf 87' lang='lat' dir='ltr'><strong>litora</strong></span> <span class='ocrx_word' id='word_1_574' title='bbox 1486 3655 1599 3718; x_wconf 76' lang='lat' dir='ltr'><strong>occurri,</strong></span> <span class='ocrx_word' id='word_1_575' title='bbox 1615 3655 1660 3708; x_wconf 86' lang='lat' dir='ltr'><strong>eui</strong></span> <span class='ocrx_word' id='word_1_576' title='bbox 1672 3677 1761 3712; x_wconf 74' lang='lat' dir='ltr'><strong>nomen</strong></span> 
     </span>
     <span class='ocr_line' id='line_1_42' title="bbox 145 3729 1763 3808; baseline 0.001 -20"><span class='ocrx_word' id='word_1_577' title='bbox 145 3753 199 3788; x_wconf 90' lang='lat' dir='ltr'><strong>non</strong></span> <span class='ocrx_word' id='word_1_578' title='bbox 213 3735 320 3788; x_wconf 87' lang='lat' dir='ltr'><strong>calculis</strong></span> <span class='ocrx_word' id='word_1_579' title='bbox 330 3733 376 3788; x_wconf 87' lang='lat' dir='ltr'><strong>sed</strong></span> <span class='ocrx_word' id='word_1_580' title='bbox 386 3735 469 3788; x_wconf 88' lang='lat' dir='ltr'><strong>errori</strong></span> <span class='ocrx_word' id='word_1_581' title='bbox 484 3744 511 3785; x_wconf 89' lang='lat' dir='ltr'><strong>et</strong></span> <span class='ocrx_word' id='word_1_582' title='bbox 523 3731 671 3785; x_wconf 79' lang='lat' dir='ltr'><strong>confusioni</strong></span> <span class='ocrx_word' id='word_1_583' title='bbox 685 3731 782 3802; x_wconf 90' lang='lat' dir='ltr'><strong>passim</strong></span> <span class='ocrx_word' id='word_1_584' title='bbox 794 3729 878 3783; x_wconf 71' lang='lat' dir='ltr'><strong>obviae</strong></span> <span class='ocrx_word' id='word_1_585' title='bbox 889 3729 934 3784; x_wconf 89' lang='lat' dir='ltr'><strong>de·</strong></span> <span class='ocrx_word' id='word_1_586' title='bbox 977 3735 1135 3808; x_wconf 82' lang='lat' dir='ltr'><strong>imposuit...</strong></span> <span class='ocrx_word' id='word_1_587' title='bbox 1148 3735 1300 3789; x_wconf 87' lang='lat' dir='ltr'><strong>Incolnrum</strong></span> <span class='ocrx_word' id='word_1_588' title='bbox 1312 3732 1438 3787; x_wconf 82' lang='lat' dir='ltr'><strong>neminem</strong></span> <span class='ocrx_word' id='word_1_589' title='bbox 1453 3733 1568 3786; x_wconf 83' lang='lat' dir='ltr'><strong>interdiu</strong></span> <span class='ocrx_word' id='word_1_590' title='bbox 1588 3734 1675 3798; x_wconf 82' lang='lat' dir='ltr'><strong>cerni;</strong></span> <span class='ocrx_word' id='word_1_591' title='bbox 1686 3736 1763 3790; x_wconf 85' lang='lat' dir='ltr'><strong>silere</strong></span> 
     </span>
     <span class='ocr_line' id='line_1_43' title="bbox 145 3809 1764 3887; baseline 0.002 -21"><span class='ocrx_word' id='word_1_592' title='bbox 145 3813 200 3866; x_wconf 88' lang='lat' dir='ltr'><strong>beri</strong></span> <span class='ocrx_word' id='word_1_593' title='bbox 213 3813 329 3866; x_wconf 82' lang='lat' dir='ltr'><strong>videtm.</strong></span> <span class='ocrx_word' id='word_1_594' title='bbox 341 3816 373 3866; x_wconf 89' lang='lat' dir='ltr'><strong>In</strong></span> <span class='ocrx_word' id='word_1_595' title='bbox 384 3812 474 3866; x_wconf 89' lang='lat' dir='ltr'><strong>medio</strong></span> <span class='ocrx_word' id='word_1_596' title='bbox 486 3811 540 3864; x_wconf 89' lang='lat' dir='ltr'><strong>lere</strong></span> <span class='ocrx_word' id='word_1_597' title='bbox 552 3811 602 3864; x_wconf 88' lang='lat' dir='ltr'><strong>boe</strong></span> <span class='ocrx_word' id='word_1_598' title='bbox 614 3811 698 3882; x_wconf 87' lang='lat' dir='ltr'><strong>spatio</strong></span> <span class='ocrx_word' id='word_1_599' title='bbox 708 3811 804 3864; x_wconf 90' lang='lat' dir='ltr'><strong>Hanno</strong></span> <span class='ocrx_word' id='word_1_600' title='bbox 822 3809 933 3864; x_wconf 81' lang='lat' dir='ltr'><strong>insulam</strong></span> <span class='ocrx_word' id='word_1_601' title='bbox 975 3815 1080 3877; x_wconf 88' lang='lat' dir='ltr'><strong>omnin,</strong></span> <span class='ocrx_word' id='word_1_602' title='bbox 1101 3814 1175 3867; x_wconf 80' lang='lat' dir='ltr'><strong>Aurtd</strong></span> <span class='ocrx_word' id='word_1_603' title='bbox 1192 3814 1247 3866; x_wconf 86' lang='lat' dir='ltr'><strong>ulio</strong></span> <span class='ocrx_word' id='word_1_604' title='bbox 1257 3833 1336 3887; x_wconf 87' lang='lat' dir='ltr'><strong>quum</strong></span> <span class='ocrx_word' id='word_1_605' title='bbox 1349 3812 1523 3866; x_wconf 86' lang='lat' dir='ltr'><strong>solitudinum</strong></span> <span class='ocrx_word' id='word_1_606' title='bbox 1536 3813 1639 3866; x_wconf 74' lang='lat' dir='ltr'><strong>horrere</strong></span> <span class='ocrx_word' id='word_1_607' title='bbox 1646 3836 1656 3876; x_wconf 93' lang='lat'><strong>,·</strong></span> <span class='ocrx_word' id='word_1_608' title='bbox 1675 3817 1764 3870; x_wconf 84' lang='lat' dir='ltr'><strong>subire</strong></span> 
     </span>
     <span class='ocr_line' id='line_1_44' title="bbox 144 3891 1763 3965; baseline 0.002 -21"><span class='ocrx_word' id='word_1_609' title='bbox 144 3895 218 3946; x_wconf 89' lang='lat' dir='ltr'><strong>sinus</strong></span> <span class='ocrx_word' id='word_1_610' title='bbox 229 3894 364 3963; x_wconf 76' lang='lat' dir='ltr'><strong>Hesperii,</strong></span> <span class='ocrx_word' id='word_1_611' title='bbox 377 3892 500 3963; x_wconf 83' lang='lat' dir='ltr'><strong>Polybius</strong></span> <span class='ocrx_word' id='word_1_612' title='bbox 516 3891 647 3945; x_wconf 76' lang='lat' dir='ltr'><strong>Atlantem</strong></span> <span class='ocrx_word' id='word_1_613' title='bbox 666 3891 785 3944; x_wconf 84' lang='lat' dir='ltr'><strong>collocat.</strong></span> <span class='ocrx_word' id='word_1_614' title='bbox 798 3893 857 3945; x_wconf 87' lang='lat' dir='ltr'><strong>Janr</strong></span> <span class='ocrx_word' id='word_1_615' title='bbox 876 3911 935 3964; x_wconf 75' lang='lat' dir='ltr'><strong>quse</strong></span> <span class='ocrx_word' id='word_1_616' title='bbox 977 3893 1088 3947; x_wconf 79' lang='lat' dir='ltr'><strong>tacitum</strong></span> <span class='ocrx_word' id='word_1_617' title='bbox 1100 3892 1248 3961; x_wconf 73' lang='lat' dir='ltr'><strong>religionem</strong></span> <span class='ocrx_word' id='word_1_618' title='bbox 1261 3892 1364 3944; x_wconf 82' lang='lat' dir='ltr'><strong>animos</strong></span> <span class='ocrx_word' id='word_1_619' title='bbox 1370 3891 1485 3964; x_wconf 86' lang='lat' dir='ltr'><strong>propius</strong></span> <span class='ocrx_word' id='word_1_620' title='bbox 1497 3891 1682 3956; x_wconf 81' lang='lat' dir='ltr'><strong>accedentium,</strong></span> <span class='ocrx_word' id='word_1_621' title='bbox 1692 3913 1763 3965; x_wconf 61' lang='lat' dir='ltr'><strong>pru*-</strong></span> 
     </span>
     <span class='ocr_line' id='line_1_45' title="bbox 144 3969 1763 4043; baseline 0 -19"><span class='ocrx_word' id='word_1_622' title='bbox 144 3972 180 4026; x_wconf 91' lang='lat' dir='ltr'><strong>de</strong></span> <span class='ocrx_word' id='word_1_623' title='bbox 196 3971 282 4025; x_wconf 86' lang='lat' dir='ltr'><strong>insula</strong></span> <span class='ocrx_word' id='word_1_624' title='bbox 295 3971 338 4024; x_wconf 86' lang='lat' dir='ltr'><strong>illa</strong></span> <span class='ocrx_word' id='word_1_625' title='bbox 351 3982 441 4025; x_wconf 86' lang='lat' dir='ltr'><strong>narrat</strong></span> <span class='ocrx_word' id='word_1_626' title='bbox 455 3973 569 4035; x_wconf 83' lang='lat' dir='ltr'><strong>linono,</strong></span> <span class='ocrx_word' id='word_1_627' title='bbox 582 3971 674 4025; x_wconf 81' lang='lat' dir='ltr'><strong>eadem</strong></span> <span class='ocrx_word' id='word_1_628' title='bbox 686 3969 720 4024; x_wconf 90' lang='lat' dir='ltr'><strong>de</strong></span> <span class='ocrx_word' id='word_1_629' title='bbox 738 3971 843 4024; x_wconf 88' lang='lat' dir='ltr'><strong>Atlante</strong></span> <span class='ocrx_word' id='word_1_630' title='bbox 854 3971 935 4026; x_wconf 90' lang='lat' dir='ltr'><strong>relert</strong></span> <span class='ocrx_word' id='word_1_631' title='bbox 977 3983 1064 4043; x_wconf 86' lang='lat' dir='ltr'><strong>terque</strong></span> <span class='ocrx_word' id='word_1_632' title='bbox 1076 3972 1204 4024; x_wconf 82' lang='lat' dir='ltr'><strong>Aurmnun</strong></span> <span class='ocrx_word' id='word_1_633' title='bbox 1222 3969 1287 4022; x_wconf 86' lang='lat' dir='ltr'><strong>eluti</strong></span> <span class='ocrx_word' id='word_1_634' title='bbox 1305 3987 1384 4041; x_wconf 79' lang='lat' dir='ltr'><strong>super</strong></span> <span class='ocrx_word' id='word_1_635' title='bbox 1396 3970 1489 4022; x_wconf 88' lang='lat' dir='ltr'><strong>nubila</strong></span> <span class='ocrx_word' id='word_1_636' title='bbox 1502 3983 1580 4042; x_wconf 83' lang='lat' dir='ltr'><strong>utque</strong></span> <span class='ocrx_word' id='word_1_637' title='bbox 1594 3972 1622 4023; x_wconf 88' lang='lat' dir='ltr'><strong>iu</strong></span> <span class='ocrx_word' id='word_1_638' title='bbox 1636 3972 1763 4024; x_wconf 82' lang='lat' dir='ltr'><strong>vicinium</strong></span> 
     </span>
     <span class='ocr_line' id='line_1_46' title="bbox 145 4047 1764 4122; baseline -0.002 -16"><span class='ocrx_word' id='word_1_639' title='bbox 145 4052 247 4106; x_wconf 86' lang='lat' dir='ltr'><strong>Plinius</strong></span> <span class='ocrx_word' id='word_1_640' title='bbox 264 4051 310 4120; x_wconf 84' lang='lat' dir='ltr'><strong>(v.</strong></span> <span class='ocrx_word' id='word_1_641' title='bbox 325 4061 382 4104; x_wconf 93' lang='lat' dir='ltr'><strong>not.</strong></span> <span class='ocrx_word' id='word_1_642' title='bbox 396 4068 451 4122; x_wconf 91' lang='lat' dir='ltr'><strong>seq.</strong></span> <span class='ocrx_word' id='word_1_643' title='bbox 463 4050 484 4122; x_wconf 69' lang='lat' dir='ltr'><strong>l.</strong></span> <span class='ocrx_word' id='word_1_644' title='bbox 496 4051 628 4103; x_wconf 87' lang='lat' dir='ltr'><strong>Nimirum</strong></span> <span class='ocrx_word' id='word_1_645' title='bbox 641 4049 785 4121; x_wconf 78' lang='lat' dir='ltr'><strong>mythologi</strong></span> <span class='ocrx_word' id='word_1_646' title='bbox 798 4052 935 4104; x_wconf 91' lang='lat' dir='ltr'><strong>Hannonis</strong></span> <span class='ocrx_word' id='word_1_647' title='bbox 977 4051 1080 4104; x_wconf 80' lang='lat' dir='ltr'><strong>lunaris</strong></span> <span class='ocrx_word' id='word_1_648' title='bbox 1090 4051 1194 4104; x_wconf 73' lang='lat' dir='ltr'><strong>circuli.</strong></span> <span class='ocrx_word' id='word_1_649' title='bbox 1210 4047 1329 4103; x_wconf 80' lang='lat' dir='ltr'><strong>Eundem</strong></span> <span class='ocrx_word' id='word_1_650' title='bbox 1340 4049 1461 4102; x_wconf 82' lang='lat' dir='ltr'><strong>noctibus</strong></span> <span class='ocrx_word' id='word_1_651' title='bbox 1478 4049 1574 4102; x_wconf 87' lang='lat' dir='ltr'><strong>micure</strong></span> <span class='ocrx_word' id='word_1_652' title='bbox 1587 4051 1684 4103; x_wconf 80' lang='lat' dir='ltr'><strong>crebris</strong></span> <span class='ocrx_word' id='word_1_653' title='bbox 1697 4052 1764 4116; x_wconf 67' lang='lat' dir='ltr'><strong>igni·</strong></span> 
     </span>
     <span class='ocr_line' id='line_1_47' title="bbox 147 4127 1764 4202; baseline -0.001 -19"><span class='ocrx_word' id='word_1_654' title='bbox 147 4131 298 4184; x_wconf 81' lang='lat' dir='ltr'><strong>uenatione</strong></span> <span class='ocrx_word' id='word_1_655' title='bbox 317 4131 375 4196; x_wconf 89' lang='lat' dir='ltr'><strong>usi,</strong></span> <span class='ocrx_word' id='word_1_656' title='bbox 398 4129 530 4183; x_wconf 73' lang='lat' dir='ltr'><strong>Atlantem</strong></span> <span class='ocrx_word' id='word_1_657' title='bbox 548 4140 575 4182; x_wconf 88' lang='lat' dir='ltr'><strong>et</strong></span> <span class='ocrx_word' id='word_1_658' title='bbox 595 4129 758 4200; x_wconf 84' lang='lat' dir='ltr'><strong>adjacentem</strong></span> <span class='ocrx_word' id='word_1_659' title='bbox 777 4130 801 4182; x_wconf 89' lang='lat' dir='ltr'><strong>ei</strong></span> <span class='ocrx_word' id='word_1_660' title='bbox 824 4129 935 4184; x_wconf 89' lang='lat' dir='ltr'><strong>Atlanti·</strong></span> <span class='ocrx_word' id='word_1_661' title='bbox 978 4133 1035 4194; x_wconf 76' lang='lat' dir='ltr'><strong>tre,</strong></span> <span class='ocrx_word' id='word_1_662' title='bbox 1051 4130 1213 4202; x_wconf 73' lang='lat' dir='ltr'><strong>AEgipunum</strong></span> <span class='ocrx_word' id='word_1_663' title='bbox 1222 4133 1420 4199; x_wconf 80' lang='lat' dir='ltr'><strong>Satymrumqru</strong></span> <span class='ocrx_word' id='word_1_664' title='bbox 1432 4127 1546 4182; x_wconf 82' lang='lat' dir='ltr'><strong>lasciuia</strong></span> <span class='ocrx_word' id='word_1_665' title='bbox 1558 4128 1670 4201; x_wconf 81' lang='lat' dir='ltr'><strong>impleri,</strong></span> <span class='ocrx_word' id='word_1_666' title='bbox 1684 4130 1764 4181; x_wconf 84' lang='lat' dir='ltr'><strong>tibiu-</strong></span> 
     </span>
     <span class='ocr_line' id='line_1_48' title="bbox 146 4205 1763 4280; baseline -0.002 -18"><span class='ocrx_word' id='word_1_667' title='bbox 146 4209 206 4264; x_wconf 88' lang='lat' dir='ltr'><strong>dem</strong></span> <span class='ocrx_word' id='word_1_668' title='bbox 217 4209 331 4262; x_wconf 88' lang='lat' dir='ltr'><strong>insulam</strong></span> <span class='ocrx_word' id='word_1_669' title='bbox 342 4209 395 4262; x_wconf 90' lang='lat' dir='ltr'><strong>hue</strong></span> <span class='ocrx_word' id='word_1_670' title='bbox 404 4208 602 4262; x_wconf 84' lang='lat' dir='ltr'><strong>collocaverant.</strong></span> <span class='ocrx_word' id='word_1_671' title='bbox 614 4207 695 4276; x_wconf 92' lang='lat' dir='ltr'><strong>Quod</strong></span> <span class='ocrx_word' id='word_1_672' title='bbox 706 4218 734 4260; x_wconf 91' lang='lat' dir='ltr'><strong>ut</strong></span> <span class='ocrx_word' id='word_1_673' title='bbox 748 4209 828 4278; x_wconf 83' lang='lat' dir='ltr'><strong>magis</strong></span> <span class='ocrx_word' id='word_1_674' title='bbox 836 4219 934 4280; x_wconf 87' lang='lat' dir='ltr'><strong>pateat,</strong></span> <span class='ocrx_word' id='word_1_675' title='bbox 978 4229 1036 4262; x_wconf 88' lang='lat' dir='ltr'><strong>rum</strong></span> <span class='ocrx_word' id='word_1_676' title='bbox 1049 4227 1080 4261; x_wconf 88' lang='lat' dir='ltr'><strong>nc</strong></span> <span class='ocrx_word' id='word_1_677' title='bbox 1087 4207 1190 4279; x_wconf 76' lang='lat' dir='ltr'><strong>fistule</strong></span> <span class='ocrx_word' id='word_1_678' title='bbox 1203 4218 1294 4270; x_wconf 81' lang='lat' dir='ltr'><strong>cantu,</strong></span> <span class='ocrx_word' id='word_1_679' title='bbox 1310 4218 1541 4278; x_wconf 81' lang='lat' dir='ltr'><strong>tympunonunque</strong></span> <span class='ocrx_word' id='word_1_680' title='bbox 1554 4217 1579 4258; x_wconf 84' lang='lat' dir='ltr'><strong>et</strong></span> <span class='ocrx_word' id='word_1_681' title='bbox 1590 4205 1763 4277; x_wconf 72' lang='lat' dir='ltr'><strong>cyrulrulurum</strong></span> 
     </span>
     <span class='ocr_line' id='line_1_49' title="bbox 146 4283 1764 4358; baseline -0.004 -16"><span class='ocrx_word' id='word_1_682' title='bbox 146 4290 211 4343; x_wconf 88' lang='lat' dir='ltr'><strong>alter</strong></span> <span class='ocrx_word' id='word_1_683' title='bbox 224 4289 287 4342; x_wconf 82' lang='lat' dir='ltr'><strong>lacit</strong></span> <span class='ocrx_word' id='word_1_684' title='bbox 299 4289 376 4343; x_wconf 90' lang='lat' dir='ltr'><strong>Plinii</strong></span> <span class='ocrx_word' id='word_1_685' title='bbox 390 4289 474 4353; x_wconf 88' lang='lat' dir='ltr'><strong>locus,</strong></span> <span class='ocrx_word' id='word_1_686' title='bbox 486 4289 522 4354; x_wconf 88' lang='lat' dir='ltr'><strong>V,</strong></span> <span class='ocrx_word' id='word_1_687' title='bbox 536 4287 580 4352; x_wconf 81' lang='grc'><strong>36,</strong></span> <span class='ocrx_word' id='word_1_688' title='bbox 593 4288 640 4340; x_wconf 89' lang='lat' dir='ltr'><strong>ubi</strong></span> <span class='ocrx_word' id='word_1_689' title='bbox 650 4287 684 4340; x_wconf 91' lang='lat' dir='ltr'><strong>ab</strong></span> <span class='ocrx_word' id='word_1_690' title='bbox 696 4287 800 4340; x_wconf 90' lang='lat' dir='ltr'><strong>Atlante</strong></span> <span class='ocrx_word' id='word_1_691' title='bbox 810 4297 837 4340; x_wconf 87' lang='lat' dir='ltr'><strong>et</strong></span> <span class='ocrx_word' id='word_1_692' title='bbox 846 4288 935 4342; x_wconf 86' lang='lat' dir='ltr'><strong>Atlan·</strong></span> <span class='ocrx_word' id='word_1_693' title='bbox 976 4288 1066 4343; x_wconf 87' lang='lat' dir='ltr'><strong>sonitu</strong></span> <span class='ocrx_word' id='word_1_694' title='bbox 1086 4297 1207 4358; x_wconf 77' lang='lat' dir='ltr'><strong>strepere.</strong></span> <span class='ocrx_word' id='word_1_695' title='bbox 1238 4288 1303 4338; x_wconf 81' lang='lat' dir='ltr'><strong>Hoec</strong></span> <span class='ocrx_word' id='word_1_696' title='bbox 1327 4285 1452 4337; x_wconf 82' lang='lat' dir='ltr'><strong>celebrati</strong></span> <span class='ocrx_word' id='word_1_697' title='bbox 1475 4297 1594 4338; x_wconf 82' lang='lat' dir='ltr'><strong>auctores</strong></span> <span class='ocrx_word' id='word_1_698' title='bbox 1624 4283 1764 4356; x_wconf 73' lang='lat' dir='ltr'><strong>prodidere</strong></span> 
     </span>
     <span class='ocr_line' id='line_1_50' title="bbox 147 4363 1761 4439; baseline -0.002 -19"><span class='ocrx_word' id='word_1_699' title='bbox 147 4368 201 4422; x_wconf 86' lang='lat' dir='ltr'><strong>tide</strong></span> <span class='ocrx_word' id='word_1_700' title='bbox 219 4368 304 4422; x_wconf 89' lang='lat' dir='ltr'><strong>insula</strong></span> <span class='ocrx_word' id='word_1_701' title='bbox 322 4367 387 4421; x_wconf 91' lang='lat' dir='ltr'><strong>dicit</strong></span> <span class='ocrx_word' id='word_1_702' title='bbox 406 4369 523 4439; x_wconf 89' lang='lat' dir='ltr'><strong>quinque</strong></span> <span class='ocrx_word' id='word_1_703' title='bbox 541 4367 645 4420; x_wconf 90' lang='lat' dir='ltr'><strong>dierum</strong></span> <span class='ocrx_word' id='word_1_704' title='bbox 666 4367 859 4435; x_wconf 82' lang='lat' dir='ltr'><strong>navigationem</strong></span> <span class='ocrx_word' id='word_1_705' title='bbox 880 4385 936 4421; x_wconf 89' lang='lat' dir='ltr'><strong>esse</strong></span> <span class='ocrx_word' id='word_1_706' title='bbox 977 4378 1074 4432; x_wconf 77' lang='lat' dir='ltr'><strong>preter</strong></span> <span class='ocrx_word' id='word_1_707' title='bbox 1091 4364 1200 4418; x_wconf 79' lang='lat' dir='ltr'><strong>Herculi</strong></span> <span class='ocrx_word' id='word_1_708' title='bbox 1213 4375 1239 4416; x_wconf 85' lang='lat' dir='ltr'><strong>et</strong></span> <span class='ocrx_word' id='word_1_709' title='bbox 1254 4367 1347 4416; x_wconf 81' lang='lat' dir='ltr'><strong>Perseo</strong></span> <span class='ocrx_word' id='word_1_710' title='bbox 1362 4363 1483 4416; x_wconf 80' lang='lat' dir='ltr'><strong>luboratu</strong></span> <span class='ocrx_word' id='word_1_711' title='bbox 1504 4364 1551 4416; x_wconf 84' lang='lat' dir='ltr'><strong>ibi.</strong></span> <span class='ocrx_word' id='word_1_712' title='bbox 1567 4363 1635 4416; x_wconf 85' lang='lat' dir='ltr'><strong>Mela</strong></span> <span class='ocrx_word' id='word_1_713' title='bbox 1653 4365 1708 4427; x_wconf 90' lang='lat'><strong>111,</strong></span> <span class='ocrx_word' id='word_1_714' title='bbox 1726 4381 1761 4432; x_wconf 86' lang='lat'><strong>9:</strong></span> 
     </span>
     <span class='ocr_line' id='line_1_51' title="bbox 148 4441 1764 4520; baseline -0.004 -20"><span class='ocrx_word' id='word_1_715' title='bbox 148 4447 275 4518; x_wconf 83' lang='lat' dir='ltr'><strong>usquead</strong></span> <span class='ocrx_word' id='word_1_716' title='bbox 284 4447 418 4520; x_wconf 80' lang='lat' dir='ltr'><strong>AEtbiopes</strong></span> <span class='ocrx_word' id='word_1_717' title='bbox 426 4447 567 4518; x_wconf 87' lang='lat' dir='ltr'><strong>Hesperios</strong></span> <span class='ocrx_word' id='word_1_718' title='bbox 578 4455 604 4499; x_wconf 92' lang='lat' dir='ltr'><strong>et</strong></span> <span class='ocrx_word' id='word_1_719' title='bbox 615 4445 825 4518; x_wconf 88' lang='lat' dir='ltr'><strong>promontorium</strong></span> <span class='ocrx_word' id='word_1_720' title='bbox 836 4447 934 4518; x_wconf 87' lang='lat' dir='ltr'><strong>Hespe·</strong></span> <span class='ocrx_word' id='word_1_721' title='bbox 983 4446 1061 4501; x_wconf 82' lang='lat' dir='ltr'><strong>Uitru</strong></span> <span class='ocrx_word' id='word_1_722' title='bbox 1087 4455 1196 4497; x_wconf 88' lang='lat' dir='ltr'><strong>montem</strong></span> <span class='ocrx_word' id='word_1_723' title='bbox 1219 4443 1273 4515; x_wconf 91' lang='lat' dir='ltr'><strong>(sc.</strong></span> <span class='ocrx_word' id='word_1_724' title='bbox 1296 4441 1365 4496; x_wconf 78' lang='grc' dir='ltr'><strong>θεῶν</strong></span> <span class='ocrx_word' id='word_1_725' title='bbox 1384 4442 1490 4515; x_wconf 69' lang='grc' dir='ltr'>ὄχημα)</span> <span class='ocrx_word' id='word_1_726' title='bbox 1508 4443 1576 4495; x_wconf 71' lang='lat' dir='ltr'><strong>viret</strong></span> <span class='ocrx_word' id='word_1_727' title='bbox 1598 4442 1673 4494; x_wconf 82' lang='lat' dir='ltr'><strong>collis</strong></span> <span class='ocrx_word' id='word_1_728' title='bbox 1690 4443 1764 4508; x_wconf 69' lang='lat' dir='ltr'><strong>longo</strong></span> 
     </span>
     <span class='ocr_line' id='line_1_52' title="bbox 146 4519 1764 4596; baseline -0.004 -18"><span class='ocrx_word' id='word_1_729' title='bbox 146 4526 206 4578; x_wconf 90' lang='lat' dir='ltr'><strong>rion</strong></span> <span class='ocrx_word' id='word_1_730' title='bbox 230 4543 321 4592; x_wconf 87' lang='lat' dir='ltr'><strong>ceras,</strong></span> <span class='ocrx_word' id='word_1_731' title='bbox 340 4525 413 4579; x_wconf 92' lang='lat' dir='ltr'><strong>unde</strong></span> <span class='ocrx_word' id='word_1_732' title='bbox 433 4526 550 4596; x_wconf 87' lang='lat' dir='ltr'><strong>primum</strong></span> <span class='ocrx_word' id='word_1_733' title='bbox 570 4542 598 4578; x_wconf 90' lang='lat' dir='ltr'><strong>se</strong></span> <span class='ocrx_word' id='word_1_734' title='bbox 621 4525 782 4593; x_wconf 83' lang='lat' dir='ltr'><strong>circumagat</strong></span> <span class='ocrx_word' id='word_1_735' title='bbox 804 4535 934 4578; x_wconf 82' lang='lat' dir='ltr'><strong>terrarum</strong></span> <span class='ocrx_word' id='word_1_736' title='bbox 980 4535 1069 4577; x_wconf 85' lang='lat' dir='ltr'><strong>tructu</strong></span> <span class='ocrx_word' id='word_1_737' title='bbox 1084 4523 1168 4591; x_wconf 78' lang='lat' dir='ltr'><strong>longis</strong></span> <span class='ocrx_word' id='word_1_738' title='bbox 1183 4522 1306 4576; x_wconf 79' lang='lat' dir='ltr'><strong>litoribus</strong></span> <span class='ocrx_word' id='word_1_739' title='bbox 1326 4521 1470 4585; x_wconf 75' lang='lat' dir='ltr'><strong>obductus,</strong></span> <span class='ocrx_word' id='word_1_740' title='bbox 1493 4519 1560 4573; x_wconf 86' lang='lat' dir='ltr'><strong>unde</strong></span> <span class='ocrx_word' id='word_1_741' title='bbox 1575 4520 1701 4574; x_wconf 78' lang='lat' dir='ltr'><strong>uisuntur</strong></span> <span class='ocrx_word' id='word_1_742' title='bbox 1713 4541 1764 4594; x_wconf 85' lang='lat' dir='ltr'><strong>pu-</strong></span> 
     </span>
     <span class='ocr_line' id='line_1_53' title="bbox 148 4599 1764 4674; baseline -0.003 -18"><span class='ocrx_word' id='word_1_743' title='bbox 148 4604 221 4658; x_wconf 87' lang='lat' dir='ltr'><strong>lrous</strong></span> <span class='ocrx_word' id='word_1_744' title='bbox 235 4607 264 4657; x_wconf 89' lang='lat' dir='ltr'><strong>in</strong></span> <span class='ocrx_word' id='word_1_745' title='bbox 275 4622 396 4658; x_wconf 86' lang='lat' dir='ltr'><strong>oceasum</strong></span> <span class='ocrx_word' id='word_1_746' title='bbox 415 4615 442 4657; x_wconf 92' lang='lat' dir='ltr'><strong>et</strong></span> <span class='ocrx_word' id='word_1_747' title='bbox 459 4621 531 4658; x_wconf 88' lang='lat' dir='ltr'><strong>mare</strong></span> <span class='ocrx_word' id='word_1_748' title='bbox 550 4603 720 4658; x_wconf 85' lang='lat' dir='ltr'><strong>Atlanticum.</strong></span> <span class='ocrx_word' id='word_1_749' title='bbox 739 4605 865 4674; x_wconf 89' lang='lat' dir='ltr'><strong>Quinque</strong></span> <span class='ocrx_word' id='word_1_750' title='bbox 878 4604 935 4658; x_wconf 86' lang='lat' dir='ltr'><strong>illos</strong></span> <span class='ocrx_word' id='word_1_751' title='bbox 981 4615 1062 4656; x_wconf 83' lang='lat' dir='ltr'><strong>tentes</strong></span> <span class='ocrx_word' id='word_1_752' title='bbox 1075 4601 1259 4674; x_wconf 72' lang='lat' dir='ltr'><strong>magiscampi</strong></span> <span class='ocrx_word' id='word_1_753' title='bbox 1271 4621 1349 4673; x_wconf 87' lang='lat' dir='ltr'><strong>quum</strong></span> <span class='ocrx_word' id='word_1_754' title='bbox 1363 4612 1393 4654; x_wconf 82' lang='lat' dir='ltr'><strong>ut</strong></span> <span class='ocrx_word' id='word_1_755' title='bbox 1401 4599 1521 4674; x_wconf 80' lang='lat' dir='ltr'><strong>perspici</strong></span> <span class='ocrx_word' id='word_1_756' title='bbox 1530 4600 1646 4672; x_wconf 77' lang='lat' dir='ltr'><strong>possint,</strong></span> <span class='ocrx_word' id='word_1_757' title='bbox 1662 4602 1764 4652; x_wconf 82' lang='lat' dir='ltr'><strong>Panum</strong></span> 
     </span>
     <span class='ocr_line' id='line_1_54' title="bbox 147 4678 1766 4754; baseline -0.002 -20"><span class='ocrx_word' id='word_1_758' title='bbox 147 4681 204 4734; x_wconf 90' lang='lat' dir='ltr'><strong>dies</strong></span> <span class='ocrx_word' id='word_1_759' title='bbox 226 4681 298 4734; x_wconf 83' lang='lat' dir='ltr'><strong>vides</strong></span> <span class='ocrx_word' id='word_1_760' title='bbox 317 4681 424 4735; x_wconf 88' lang='lat' dir='ltr'><strong>eosdem</strong></span> <span class='ocrx_word' id='word_1_761' title='bbox 444 4701 501 4736; x_wconf 84' lang='lat' dir='ltr'><strong>esse</strong></span> <span class='ocrx_word' id='word_1_762' title='bbox 514 4701 581 4754; x_wconf 92' lang='lat' dir='ltr'><strong>quos</strong></span> <span class='ocrx_word' id='word_1_763' title='bbox 594 4685 690 4737; x_wconf 90' lang='lat' dir='ltr'><strong>Hanno</strong></span> <span class='ocrx_word' id='word_1_764' title='bbox 708 4682 742 4735; x_wconf 87' lang='lat' dir='ltr'><strong>ab</strong></span> <span class='ocrx_word' id='word_1_765' title='bbox 761 4682 844 4736; x_wconf 89' lang='lat' dir='ltr'><strong>insula</strong></span> <span class='ocrx_word' id='word_1_766' title='bbox 862 4684 936 4737; x_wconf 87' lang='lat' dir='ltr'><strong>sinus</strong></span> <span class='ocrx_word' id='word_1_767' title='bbox 980 4688 1188 4754; x_wconf 69' lang='lat' dir='ltr'><strong>Solymi-umque.</strong></span> <span class='ocrx_word' id='word_1_768' title='bbox 1208 4681 1279 4735; x_wconf 86' lang='lat' dir='ltr'><strong>Hinc</strong></span> <span class='ocrx_word' id='word_1_769' title='bbox 1297 4680 1389 4752; x_wconf 86' lang='lat' dir='ltr'><strong>opinio</strong></span> <span class='ocrx_word' id='word_1_770' title='bbox 1407 4698 1494 4732; x_wconf 76' lang='lat' dir='ltr'><strong>currere</strong></span> <span class='ocrx_word' id='word_1_771' title='bbox 1500 4678 1582 4750; x_wconf 85' lang='lat' dir='ltr'><strong>fidem</strong></span> <span class='ocrx_word' id='word_1_772' title='bbox 1596 4679 1683 4750; x_wconf 80' lang='lat' dir='ltr'><strong>cepit,</strong></span> <span class='ocrx_word' id='word_1_773' title='bbox 1697 4680 1766 4751; x_wconf 76' lang='lat' dir='ltr'><strong>prend</strong></span> 
     </span>
     <span class='ocr_line' id='line_1_55' title="bbox 148 4755 1762 4834; baseline -0.003 -20"><span class='ocrx_word' id='word_1_774' title='bbox 148 4762 270 4832; x_wconf 72' lang='lat' dir='ltr'><strong>Hesperii</strong></span> <span class='ocrx_word' id='word_1_775' title='bbox 291 4771 412 4814; x_wconf 88' lang='lat' dir='ltr'><strong>numerat</strong></span> <span class='ocrx_word' id='word_1_776' title='bbox 431 4779 515 4832; x_wconf 83' lang='lat' dir='ltr'><strong>usque</strong></span> <span class='ocrx_word' id='word_1_777' title='bbox 534 4762 567 4816; x_wconf 88' lang='lat' dir='ltr'><strong>ad</strong></span> <span class='ocrx_word' id='word_1_778' title='bbox 589 4764 668 4816; x_wconf 81' lang='lat' dir='ltr'><strong>maris</strong></span> <span class='ocrx_word' id='word_1_779' title='bbox 690 4761 790 4815; x_wconf 88' lang='lat' dir='ltr'><strong>hiatum</strong></span> <span class='ocrx_word' id='word_1_780' title='bbox 810 4763 855 4833; x_wconf 90' lang='lat' dir='ltr'><strong>qui</strong></span> <span class='ocrx_word' id='word_1_781' title='bbox 876 4772 936 4834; x_wconf 84' lang='lat' dir='ltr'><strong>post</strong></span> <span class='ocrx_word' id='word_1_782' title='bbox 981 4781 1061 4834; x_wconf 83' lang='lat' dir='ltr'><strong>quum</strong></span> <span class='ocrx_word' id='word_1_783' title='bbox 1074 4761 1101 4815; x_wconf 92' lang='lat' dir='ltr'><strong>in</strong></span> <span class='ocrx_word' id='word_1_784' title='bbox 1112 4760 1155 4814; x_wconf 83' lang='lat' dir='ltr'><strong>lu&#39;s</strong></span> <span class='ocrx_word' id='word_1_785' title='bbox 1169 4761 1240 4814; x_wconf 80' lang='lat' dir='ltr'><strong>nihil</strong></span> <span class='ocrx_word' id='word_1_786' title='bbox 1255 4759 1322 4812; x_wconf 83' lang='lat' dir='ltr'><strong>culti</strong></span> <span class='ocrx_word' id='word_1_787' title='bbox 1334 4759 1381 4820; x_wconf 89' lang='lat' dir='ltr'><strong>sit,</strong></span> <span class='ocrx_word' id='word_1_788' title='bbox 1395 4757 1474 4810; x_wconf 82' lang='lat' dir='ltr'><strong>rudlce</strong></span> <span class='ocrx_word' id='word_1_789' title='bbox 1487 4755 1665 4809; x_wconf 77' lang='lat' dir='ltr'><strong>latitantium</strong></span> <span class='ocrx_word' id='word_1_790' title='bbox 1682 4755 1762 4818; x_wconf 81' lang='lat' dir='ltr'><strong>sedes,</strong></span> 
     </span>
     <span class='ocr_line' id='line_1_56' title="bbox 148 4835 1765 4912; baseline -0.003 -21"><span class='ocrx_word' id='word_1_791' title='bbox 148 4849 254 4892; x_wconf 89' lang='lat' dir='ltr'><strong>montes</strong></span> <span class='ocrx_word' id='word_1_792' title='bbox 264 4839 373 4892; x_wconf 84' lang='lat' dir='ltr'><strong>silvosus</strong></span> <span class='ocrx_word' id='word_1_793' title='bbox 384 4843 558 4911; x_wconf 90' lang='lat' dir='ltr'><strong>promontorii</strong></span> <span class='ocrx_word' id='word_1_794' title='bbox 574 4839 680 4895; x_wconf 81' lang='lat' dir='ltr'><strong>Viridis</strong></span> <span class='ocrx_word' id='word_1_795' title='bbox 691 4842 819 4912; x_wconf 88' lang='lat' dir='ltr'><strong>sequitur.</strong></span> <span class='ocrx_word' id='word_1_796' title='bbox 833 4841 935 4909; x_wconf 88' lang='lat' dir='ltr'><strong>Quodsi</strong></span> <span class='ocrx_word' id='word_1_797' title='bbox 981 4841 1055 4893; x_wconf 87' lang='lat' dir='ltr'><strong>nullu</strong></span> <span class='ocrx_word' id='word_1_798' title='bbox 1071 4839 1202 4907; x_wconf 69' lang='lat' dir='ltr'><strong>uestigia,</strong></span> <span class='ocrx_word' id='word_1_799' title='bbox 1217 4837 1332 4891; x_wconf 86' lang='lat' dir='ltr'><strong>solitudo</strong></span> <span class='ocrx_word' id='word_1_800' title='bbox 1353 4837 1380 4889; x_wconf 89' lang='lat' dir='ltr'><strong>in</strong></span> <span class='ocrx_word' id='word_1_801' title='bbox 1400 4835 1469 4888; x_wconf 80' lang='lat' dir='ltr'><strong>diem</strong></span> <span class='ocrx_word' id='word_1_802' title='bbox 1488 4847 1569 4888; x_wconf 76' lang='lat' dir='ltr'><strong>iustu</strong></span> <span class='ocrx_word' id='word_1_803' title='bbox 1590 4849 1615 4889; x_wconf 81' lang='lat' dir='ltr'><strong>rt</strong></span> <span class='ocrx_word' id='word_1_804' title='bbox 1632 4836 1765 4888; x_wconf 76' lang='lat' dir='ltr'><strong>silentium</strong></span> 
     </span>
     <span class='ocr_line' id='line_1_57' title="bbox 148 4914 1765 4992; baseline -0.005 -20"><span class='ocrx_word' id='word_1_805' title='bbox 148 4917 202 4974; x_wconf 86' lang='lat' dir='ltr'><strong>alio</strong></span> <span class='ocrx_word' id='word_1_806' title='bbox 215 4918 275 4970; x_wconf 89' lang='lat' dir='ltr'><strong>loeo</strong></span> <span class='ocrx_word' id='word_1_807' title='bbox 286 4917 385 4971; x_wconf 87' lang='lat' dir='ltr'><strong>Plinius</strong></span> <span class='ocrx_word' id='word_1_808' title='bbox 398 4917 407 4990; x_wconf 90' lang='lat'>(</span> <span class='ocrx_word' id='word_1_809' title='bbox 418 4920 453 4983; x_wconf 89' lang='lat' dir='ltr'><strong>V,</strong></span> <span class='ocrx_word' id='word_1_810' title='bbox 469 4919 502 4972; x_wconf 80' lang='lat'><strong>35</strong></span> <span class='ocrx_word' id='word_1_811' title='bbox 514 4917 523 4992; x_wconf 91' lang='lat'><strong>)</strong></span> <span class='ocrx_word' id='word_1_812' title='bbox 540 4919 619 4973; x_wconf 79' lang='lat' dir='ltr'><strong>refert</strong></span> <span class='ocrx_word' id='word_1_813' title='bbox 629 4930 755 4991; x_wconf 87' lang='lat' dir='ltr'><strong>quattuor·</strong></span> <span class='ocrx_word' id='word_1_814' title='bbox 766 4918 821 4972; x_wconf 89' lang='lat' dir='ltr'><strong>dies</strong></span> <span class='ocrx_word' id='word_1_815' title='bbox 836 4937 891 4972; x_wconf 88' lang='lat' dir='ltr'><strong>csse</strong></span> <span class='ocrx_word' id='word_1_816' title='bbox 903 4920 936 4973; x_wconf 87' lang='lat' dir='ltr'><strong>ab</strong></span> <span class='ocrx_word' id='word_1_817' title='bbox 980 4919 1102 4979; x_wconf 78' lang='lat' dir='ltr'><strong>iustius,</strong></span> <span class='ocrx_word' id='word_1_818' title='bbox 1121 4929 1195 4970; x_wconf 87' lang='lat' dir='ltr'><strong>nocte</strong></span> <span class='ocrx_word' id='word_1_819' title='bbox 1206 4915 1291 4969; x_wconf 76' lang='lat' dir='ltr'><strong>crebri</strong></span> <span class='ocrx_word' id='word_1_820' title='bbox 1308 4915 1379 4984; x_wconf 73' lang='lat' dir='ltr'><strong>ignes</strong></span> <span class='ocrx_word' id='word_1_821' title='bbox 1400 4915 1516 4979; x_wconf 88' lang='lat' dir='ltr'><strong>uricnut,</strong></span> <span class='ocrx_word' id='word_1_822' title='bbox 1530 4931 1557 4968; x_wconf 83' lang='lat' dir='ltr'><strong>et</strong></span> <span class='ocrx_word' id='word_1_823' title='bbox 1574 4914 1658 4967; x_wconf 76' lang='lat' dir='ltr'><strong>ueluti</strong></span> <span class='ocrx_word' id='word_1_824' title='bbox 1675 4926 1765 4966; x_wconf 86' lang='lat' dir='ltr'><strong>custru</strong></span> 
     </span>
     <span class='ocr_line' id='line_1_58' title="bbox 148 4994 1765 5070; baseline -0.005 -19"><span class='ocrx_word' id='word_1_825' title='bbox 148 4996 244 5051; x_wconf 79' lang='lat' dir='ltr'><strong>Thedu</strong></span> <span class='ocrx_word' id='word_1_826' title='bbox 258 4995 394 5050; x_wconf 77' lang='lat' dir='ltr'><strong>otbemate</strong></span> <span class='ocrx_word' id='word_1_827' title='bbox 412 4997 541 5068; x_wconf 86' lang='lat' dir='ltr'><strong>usquead</strong></span> <span class='ocrx_word' id='word_1_828' title='bbox 560 5001 771 5070; x_wconf 81' lang='lat' dir='ltr'><strong>promontorium</strong></span> <span class='ocrx_word' id='word_1_829' title='bbox 790 5000 935 5069; x_wconf 84' lang='lat' dir='ltr'><strong>Hesperion</strong></span> <span class='ocrx_word' id='word_1_830' title='bbox 981 5000 1035 5052; x_wconf 81' lang='lat' dir='ltr'><strong>lule</strong></span> <span class='ocrx_word' id='word_1_831' title='bbox 1049 4998 1170 5069; x_wconf 79' lang='lat' dir='ltr'><strong>jacentia</strong></span> <span class='ocrx_word' id='word_1_832' title='bbox 1190 4995 1370 5058; x_wconf 83' lang='lat' dir='ltr'><strong>ostenduntur,</strong></span> <span class='ocrx_word' id='word_1_833' title='bbox 1393 5006 1502 5067; x_wconf 80' lang='lat' dir='ltr'><strong>crepunt</strong></span> <span class='ocrx_word' id='word_1_834' title='bbox 1519 4994 1638 5064; x_wconf 75' lang='lat' dir='ltr'><strong>cyrulrulu</strong></span> <span class='ocrx_word' id='word_1_835' title='bbox 1655 5005 1680 5045; x_wconf 82' lang='lat' dir='ltr'><strong>et</strong></span> <span class='ocrx_word' id='word_1_836' title='bbox 1701 5005 1765 5061; x_wconf 71' lang='lat' dir='ltr'><strong>(rur-</strong></span> 
     </span>
     <span class='ocr_line' id='line_1_59' title="bbox 149 5071 1763 5151; baseline -0.002 -23"><span class='ocrx_word' id='word_1_837' title='bbox 149 5094 239 5139; x_wconf 85' lang='lat' dir='ltr'><strong>eeras,</strong></span> <span class='ocrx_word' id='word_1_838' title='bbox 251 5075 362 5130; x_wconf 85' lang='lat' dir='ltr'><strong>eandem</strong></span> <span class='ocrx_word' id='word_1_839' title='bbox 379 5075 531 5130; x_wconf 85' lang='lat' dir='ltr'><strong>distantiam</strong></span> <span class='ocrx_word' id='word_1_840' title='bbox 546 5079 642 5131; x_wconf 87' lang='lat' dir='ltr'><strong>Hanno</strong></span> <span class='ocrx_word' id='word_1_841' title='bbox 654 5088 789 5150; x_wconf 85' lang='lat' dir='ltr'><strong>exputata</strong></span> <span class='ocrx_word' id='word_1_842' title='bbox 808 5079 868 5130; x_wconf 88' lang='lat' dir='ltr'><strong>sinu</strong></span> <span class='ocrx_word' id='word_1_843' title='bbox 883 5079 937 5131; x_wconf 89' lang='lat' dir='ltr'><strong>He·</strong></span> <span class='ocrx_word' id='word_1_844' title='bbox 979 5097 1068 5151; x_wconf 82' lang='lat' dir='ltr'><strong>purru,</strong></span> <span class='ocrx_word' id='word_1_845' title='bbox 1086 5075 1279 5146; x_wconf 78' lang='lat' dir='ltr'><strong>audiunturque</strong></span> <span class='ocrx_word' id='word_1_846' title='bbox 1295 5074 1369 5128; x_wconf 83' lang='lat' dir='ltr'><strong>tihiae</strong></span> <span class='ocrx_word' id='word_1_847' title='bbox 1387 5085 1509 5127; x_wconf 83' lang='lat' dir='ltr'><strong>surruntrs</strong></span> <span class='ocrx_word' id='word_1_848' title='bbox 1527 5075 1613 5141; x_wconf 78' lang='lat' dir='ltr'><strong>majus</strong></span> <span class='ocrx_word' id='word_1_849' title='bbox 1632 5071 1763 5124; x_wconf 78' lang='lat' dir='ltr'><strong>lrrtmunir.</strong></span> 
     </span>
     <span class='ocr_line' id='line_1_60' title="bbox 150 5151 1763 5226; baseline -0.004 -18"><span class='ocrx_word' id='word_1_850' title='bbox 150 5156 240 5226; x_wconf 67' lang='lat' dir='ltr'><strong>spuerio</strong></span> <span class='ocrx_word' id='word_1_851' title='bbox 253 5155 288 5208; x_wconf 85' lang='lat' dir='ltr'><strong>ad</strong></span> <span class='ocrx_word' id='word_1_852' title='bbox 299 5155 394 5210; x_wconf 82' lang='lat' dir='ltr'><strong>&#39;Ibedn</strong></span> <span class='ocrx_word' id='word_1_853' title='bbox 413 5156 538 5222; x_wconf 88' lang='lat' dir='ltr'><strong>ochema,</strong></span> <span class='ocrx_word' id='word_1_854' title='bbox 553 5155 654 5210; x_wconf 88' lang='lat' dir='ltr'><strong>Plinius</strong></span> <span class='ocrx_word' id='word_1_855' title='bbox 670 5175 747 5222; x_wconf 89' lang='lat' dir='ltr'><strong>vero,</strong></span> <span class='ocrx_word' id='word_1_856' title='bbox 762 5167 791 5210; x_wconf 91' lang='lat' dir='ltr'><strong>ut</strong></span> <span class='ocrx_word' id='word_1_857' title='bbox 806 5167 937 5210; x_wconf 78' lang='lat' dir='ltr'><strong>constaret</strong></span> <span class='ocrx_word' id='word_1_858' title='bbox 980 5157 1023 5210; x_wconf 80' lang='lat' dir='ltr'><strong>Ct&#39;.</strong></span> <span class='ocrx_word' id='word_1_859' title='bbox 1037 5157 1117 5210; x_wconf 86' lang='lat' dir='ltr'><strong>Solio.</strong></span> <span class='ocrx_word' id='word_1_860' title='bbox 1133 5173 1158 5208; x_wconf 87' lang='lat' dir='ltr'><strong>e.</strong></span> <span class='ocrx_word' id='word_1_861' title='bbox 1174 5170 1208 5224; x_wconf 82' lang='lat'><strong>27</strong></span> <span class='ocrx_word' id='word_1_862' title='bbox 1219 5165 1246 5207; x_wconf 91' lang='lat' dir='ltr'><strong>et</strong></span> <span class='ocrx_word' id='word_1_863' title='bbox 1257 5153 1368 5207; x_wconf 90' lang='lat' dir='ltr'><strong>Diodor.</strong></span> <span class='ocrx_word' id='word_1_864' title='bbox 1381 5157 1431 5217; x_wconf 88' lang='grc' dir='ltr'><strong>ΠΙ,</strong></span> <span class='ocrx_word' id='word_1_865' title='bbox 1448 5153 1491 5217; x_wconf 82' lang='lat'><strong>53,</strong></span> <span class='ocrx_word' id='word_1_866' title='bbox 1502 5153 1547 5222; x_wconf 89' lang='lat' dir='ltr'><strong>qui</strong></span> <span class='ocrx_word' id='word_1_867' title='bbox 1560 5153 1701 5220; x_wconf 70' lang='lat' dir='ltr'><strong>Hesperum</strong></span> <span class='ocrx_word' id='word_1_868' title='bbox 1714 5151 1763 5202; x_wconf 87' lang='lat' dir='ltr'><strong>ins.</strong></span> 
     </span>
     <span class='ocr_line' id='line_1_61' title="bbox 150 5228 1766 5308; baseline -0.005 -20"><span class='ocrx_word' id='word_1_869' title='bbox 150 5235 214 5299; x_wconf 88' lang='lat' dir='ltr'><strong>silri,</strong></span> <span class='ocrx_word' id='word_1_870' title='bbox 227 5233 315 5288; x_wconf 68' lang='lat' dir='ltr'><strong>ditare</strong></span> <span class='ocrx_word' id='word_1_871' title='bbox 326 5235 448 5302; x_wconf 86' lang='lat' dir='ltr'><strong>debebat,</strong></span> <span class='ocrx_word' id='word_1_872' title='bbox 461 5247 586 5306; x_wconf 84' lang='lat' dir='ltr'><strong>quattuor</strong></span> <span class='ocrx_word' id='word_1_873' title='bbox 602 5237 665 5290; x_wconf 82' lang='lat' dir='ltr'><strong>istos</strong></span> <span class='ocrx_word' id='word_1_874' title='bbox 677 5235 734 5292; x_wconf 87' lang='lat' dir='ltr'><strong>dies</strong></span> <span class='ocrx_word' id='word_1_875' title='bbox 747 5253 803 5290; x_wconf 90' lang='lat' dir='ltr'><strong>esse</strong></span> <span class='ocrx_word' id='word_1_876' title='bbox 816 5253 831 5290; x_wconf 88' lang='lat' dir='ltr'><strong>a</strong></span> <span class='ocrx_word' id='word_1_877' title='bbox 843 5235 936 5290; x_wconf 80' lang='lat' dir='ltr'><strong>Tltcrin</strong></span> <span class='ocrx_word' id='word_1_878' title='bbox 982 5236 1055 5308; x_wconf 65' lang='grc' dir='ltr'>πυρός</span> <span class='ocrx_word' id='word_1_879' title='bbox 1061 5234 1218 5307; x_wconf 68' lang='grc' dir='ltr'>ἐκφυσήματα</span> <span class='ocrx_word' id='word_1_880' title='bbox 1227 5233 1325 5305; x_wconf 75' lang='grc' dir='ltr'>μεγάλα</span> <span class='ocrx_word' id='word_1_881' title='bbox 1333 5233 1429 5288; x_wconf 78' lang='lat' dir='ltr'><strong>babere</strong></span> <span class='ocrx_word' id='word_1_882' title='bbox 1436 5242 1532 5286; x_wconf 82' lang='lat' dir='ltr'><strong>narrat.</strong></span> <span class='ocrx_word' id='word_1_883' title='bbox 1542 5228 1685 5299; x_wconf 89' lang='lat' dir='ltr'><strong>Quomodo</strong></span> <span class='ocrx_word' id='word_1_884' title='bbox 1696 5231 1766 5298; x_wconf 70' lang='lat' dir='ltr'><strong>ignes</strong></span> 
     </span>
    </p>
   </div>
   <div class='ocr_carea' id='block_1_5' title="bbox 0 0 1913 5750">
    <p class='ocr_par' dir='ltr' id='par_1_5' title="bbox 0 0 1913 5750">
     <span class='ocr_line' id='line_1_62' title="bbox 0 0 1913 5750; baseline 0 0"><span class='ocrx_word' id='word_1_885' title='bbox 0 0 1913 5750; x_wconf 95' lang='lat' dir='ltr'><strong> </strong></span> 
     </span>
    </p>
   </div>
  </div>
 </body>
</html>
