3775 5750
670 350 695 410 ii
718 351 872 412 lsinotto
892 353 1135 414 CiiAiiACENO.

86 491 136 544 τῶν
149 487 236 553 licio<
248 485 294 544 καὶ
318 486 417 565 Συρίας
433 486 562 565 βασιλέοιν
573 487 625 544 τῶν
648 486 716 562 μετὰ
728 485 771 545 τὸν
783 488 867 565 μέγαν
916 512 962 547 00.
978 491 1074 550 Lesbi.

87 584 320 663 Ἀλέξανδρονμ.
349 583 496 661 Porphyr.
528 583 563 640 ir.
585 583 617 640 in
633 581 679 644 Fr.
704 583 741 642 ti.
762 595 783 640 t.
805 583 866 655 ΙΙΙ,
915 607 962 644 ra.
979 586 1182 664 Peloponnesi.

86 701 116 757 p.
136 683 193 752 706
208 679 229 758 i,
245 700 372 757 quorum
384 679 499 757 priores
512 691 649 756 quattuor
665 693 733 739 sunt
742 682 864 755 Antigo-
916 682 962 738 13.
978 681 1145 742 Britanniae.

87 795 154 844 nus,
183 775 360 846 Demetrius,
383 774 521 832 Seleucus
545 773 679 844 Nicator,
707 775 869 832 Antiochus
953 777 1007 834 His
1021 777 1094 836 adde
1109 797 1195 854 quem
1211 780 1241 837 in
1256 780 1423 856 fragmentis
1433 785 1587 844 omisimus
1598 786 1694 846 locum
1755 793 1758 800 '

87 870 175 928 Soter.
192 869 507 946 SicaSpasineusque
521 867 557 926 ad
572 867 717 926 isidorum
730 870 869 946 temporis
912 873 1002 932 Plinii
1021 872 1055 946 V,
1075 878 1111 934 33
1134 897 1140 932 :
1161 879 1207 932 Ea
1231 883 1303 933 Asia
1331 885 1466 938 interiisse
1490 897 1586 958 gentes
1610 889 1696 941 tradit

87 967 210 1042 spatium
222 965 390 1023 obtinemus
399 984 543 1022 annorum
553 964 867 1023 circiterducentorum
912 971 1109 1027 Eratosthenes
1137 965 1322 1041 Solymorum,
1367 978 1510 1050 lelegum,
1541 981 1694 1053 Bebryeum

88 1075 113 1117 et
123 1063 354 1138 quinquaginta,
370 1063 440 1119 satis
450 1061 578 1138 amplum
588 1060 663 1118 iliud
673 1060 750 1137 quod
763 1079 867 1118 novem
913 1064 1154 1136 Calycaatlorum,
1175 1069 1388 1142 l'repsedonrm5
1400 1074 1525 1128 Isidorus
1535 1078 1654 1138 Arduos,
1669 1090 1697 1130 et

87 1159 180 1232 regnis
193 1171 224 1215 et
237 1157 535 1236 compluribusetiam
549 1157 687 1216 sufficiat.
913 1163 1051 1235 Capretas
1071 1161 1265 1238 (Caproeatas,
1298 1166 1464 1240 Capreatas,
1493 1171 1689 1243 Canilparrtas,

125 1256 191 1312 033.
205 1255 371 1313 Marcianus
381 1254 581 1313 Heracleensis
592 1274 623 1331 p.
637 1255 707 1325 566,
718 1265 867 1332 postquam
913 1257 1069 1329 Campatas
1091 1275 1153 1314 var.
1169 1258 1233 1316 ieet.
1245 1258 1267 1332 ),
1292 1261 1339 1314 ubi
1356 1266 1395 1315 sit
1408 1267 1532 1335 Apramio
1549 1267 1662 1321 condita
1677 1287 1696 1320 o

87 1349 231 1408 isidorum
252 1350 453 1408 Clraracenum
469 1351 549 1406 inter
571 1349 645 1406 alios
666 1350 866 1426 geographos.
911 1351 1027 1408 Seleuco
1040 1354 1350 1424 regeinterClliciam,
1364 1356 1591 1430 Cappadociam,
1607 1361 1696 1416 Cato-

86 1445 319 1515 'iimosthenem,
336 1443 573 1513 Eratosthenem,
586 1442 743 1520 Pytheam‚
757 1443 868 1502 Sosan-
911 1453 1024 1516 onium,
1042 1451 1224 1515 Arrrreuiam,¹
1244 1461 1272 1504 et
1284 1455 1415 1522 quoniam
1421 1449 1616 1520 ferocissimas
1628 1475 1696 1530 gen·

1594 383 1695 425 txllitv

1438 501 1503 569 068,
1590 505 1673 571 0344.

1437 594 1504 665 563,
1588 598 1673 664 5004.

1415 688 1503 760 4875,
1568 692 1673 764 39000.
1778 731 1785 748 .

12 4891 13 4894 ’
89 4904 131 4942 ro.
144 4885 220 4944 Chii.

85 1543 181 1614 dmm,
205 1543 380 1618 Simmeam,
391 1541 540 1618 Apellam,
554 1539 779 1615 Euthymanem,
793 1539 866 1597 Phi-

85 1639 165 1711 leam,
180 1639 426 1708 Androsthenem,
438 1637 587 1708 Cleonem,
598 1636 781 1706 Hannonem,
794 1635 868 1712 Sey·

85 1735 185 1806 lacem,
196 1735 360 1805 recensuit,
374 1734 470 1811 pergit
483 1754 490 1790 ε
504 1731 581 1793 lieris
595 1731 628 1802 δὴ
640 1730 767 1790 τούτων
793 1731 869 1800 τοὺς

85 1830 257 1897 πλείστους
268 1829 479 1909 Ἀρτεμίδωρος..
493 1827 540 1886 stol
555 1826 684 1907 Στράόων
700 1827 868 1907 70007ραρίαν

84 1925 126 1983 aal
139 1925 284 2006 περίπλουν
298 1925 486 1990 συντεθεικότας
495 1926 556 1984 κτλ.
571 1943 579 1983 :
595 1925 667 1981 adeo
689 1937 724 1982 ut
736 1943 812 1982 unus
825 1924 868 1982 ai·

85 2023 468 2102 terreillorumscriptorum
478 2019 868 2098 Artemidorojuniorluisse

84 2119 193 2180 debeat.
208 2120 243 2178 id
258 2139 331 2176 vero
348 2117 424 2177 eadit
438 2118 469 2175 in
483 2115 642 2186 isidorum,
659 2127 690 2172 et
702 2115 821 2174 sortasse
836 2116 868 2173 in

86 2236 168 2273 noum
186 2216 351 2287 isidorum;
365 2226 441 2272 certe
456 2213 563 2290 reliqui
574 2231 675 2270 omnes
684 2231 759 2288 quos
773 2211 867 2270 aliun·

83 2311 117 2366 de
129 2312 269 2369 novimus
282 2353 291 2381 ,
305 2308 490 2368 Artemidoro
504 2309 621 2365 luerunt
635 2306 826 2384 antiquiores.

123 2407 188 2472 034.
202 2409 274 2462 iiaec
289 2404 347 2461 iere
356 2414 424 2461 sunt
433 2421 499 2482 (700.
509 2401 546 2460 06
556 2414 667 2459 atatem
681 2398 789 2458 isidori
800 2400 868 2460 deii-

84 2499 217 2556 niendam
234 2519 273 2556 ex
287 2497 428 2568 Luciano,
445 2495 593 2554 Marciano
611 2495 743 2572 ipsisque
766 2513 866 2554 excer-

84 2594 409 2672 ptisadbiberipossint.
416 2591 547 2651 Probant
555 2591 727 2669 scriptorem
735 2605 866 2651 nostrum

84 2693 204 2766 Augusti
226 2688 411 2768 temporibus
435 2690 543 2747 debere
568 2688 657 2746 luisse
681 2689 864 2766 proximum,

83 2788 154 2845 nihii
171 2807 245 2845 vero
268 2785 455 2864 suppeditant
468 2782 548 2861 quod
562 2795 699 2858 coarguat
717 2782 866 2858 Augusteo

83 2904 141 2940 aevo
157 2884 247 2941 luisse
262 2883 454 2941 recentiorem
464 2894 551 2960 atque
560 2880 688 2938 alienum
701 2879 738 2936 ab
752 2880 790 2939 iis
801 2901 867 2958 quae

83 2982 118 3036 de
133 2980 302 3037 Characeno
312 2981 477 3056 geographo
490 2980 580 3036 refert
594 2977 709 3035 Plinius
717 2976 762 3055 Γ).

122 3076 189 3135 036.
206 3075 329 3133 Scarrra
342 3074 467 3134 isrooar.
478 3077 575 3151 Opera
586 3072 693 3131 isidoti
704 3072 866 3148 distingui·

83 3190 145 3229 rous
156 3170 234 3241 duo,
257 3170 482 3248 descriptionem
500 3168 583 3226 orbis
595 3181 738 3226 terrarum
753 3181 782 3225 et
795 3168 866 3226 Par·

82 3266 149 3323 thici
165 3267 250 3341 regni
270 3265 444 3345 periegesin.
467 3263 609 3342 Epriore
633 3265 707 3323 nihii
730 3264 790 3323 lere
805 3266 863 3324 nisi

82 3381 223 3421 mensurae
234 3376 377 3423 terrarum
392 3362 547 3421 traduntur
564 3386 570 3419 :

85 3478 110 3513 1.
131 3457 232 3516 Terrae
242 3457 396 3533 iongitudo
408 3457 447 3517 ab
457 3459 507 3517 in-

119 3554 214 3612 diaad
222 3554 329 3617 Gades.

83 3670 109 3704 2.
133 3649 270 3707 latitudo
297 3648 335 3707 ab
364 3649 510 3725 AEtbiopia

119 3743 156 3799 ad
166 3742 292 3801 Thulen.

83 3840 107 3896 3.
134 3837 509 3915 Asiacumffigyptoad'ia-

123 3934 201 3994 nain.
270 3957 273 3965 ¹
582 3932 672 4005 6375,

83 4045 107 4093 4.
135 4026 508 4089 0100.0Ἰ“00οΙ06606οο.
583 4028 673 4099 8004,

86 4125 112 4182 5.
139 4121 407 4197 Africaa‘l'ingiad
418 4120 510 4179 Cano·

125 4217 204 4276 bum.
266 4218 270 4224 ’

531 3574 569 3612 m.
584 3555 674 3631 9808,
684 3566 720 3613 st.
735 3554 843 3627 78544.

582 3743 671 3815 5740,
736 3744 844 3819 48900.

737 3932 843 3991 50000.

735 4026 844 4098 65700.

582 4218 670 4295 3599,
736 4220 843 4293 08790.

84 4314 111 4370 6.
136 4315 157 4368 A
188 4311 371 4396 Chalcedone
404 4312 441 4395 od
469 4310 511 4369 Si·

125 4426 217 4479 geum.
265 4478 269 4485 ι

88 4522 113 4570 7.
139 4500 182 4558 Ab
197 4502 376 4561 Alexandria
384 4502 509 4571 odilho-

124 4598 202 4659 dum.

605 4407 675 4480 300,
759 4407 846 4480 0576.

606 4600 676 4671 583,
760 4601 846 4667 4664.

604 4697 673 4767 375,
758 4698 846 4755 3000.

610 4811 675 4863 000,
778 4793 845 4849 800.

610 4888 679 4957 034,
763 4906 854 4959 0070.

87 4694 114 4748 8.
135 4694 226 4771 Cypri
240 4696 377 4754 ambitus.

85 4811 114 4863 9.
136 4789 224 4848 Sami.

913 1554 954 1597 tes
963 1545 1128 1616 domuisset,
1138 1547 1215 1598 initio
1224 1545 1363 1599 Dameam
1379 1558 1521 1606 vocatam.
1538 1547 1695 1626 10060700-

913 1635 951 1693 tis
964 1637 1009 1692 vei
1024 1635 1173 1714 Capreatis
1184 1637 1244 1696 iliis
1258 1638 1377 1696 aliunde
1392 1658 1450 1697 non
1464 1655 1590 1714 constat;
1602 1663 1695 1720 neque

912 1731 1039 1806 Apamea
1053 1731 1108 1789 ista
1122 1729 1193 1789 aiibi
1213 1745 1399 1792 memoratur.
1418 1737 1616 1794 Ferocisriruos
1626 1759 1696 1817 gerr-

912 1825 1142 1900 tesiiroysenius
1158 1829 1268 1886 Hellen.
1284 1826 1324 1898 ii,
1344 1848 1375 1903 p.
1400 1829 1457 1886 663
1478 1851 1536 1889 non
1559 1832 1696 1910 Capretas

912 1920 1038 1996 intelligi
1053 1921 1133 1993 vuit,
1154 1922 1203 1980 sed
1216 1921 1349 1992 Galatas,
1365 1925 1417 2001 qui
1435 1925 1586 2004 hueusque
1596 1943 1697 1987 eontra

911 2015 1005 2094 Syriae
1017 2037 1113 2093 regem
1132 2020 1279 2096 progressi
1302 2021 1371 2092 sint,
1388 2021 1535 2096 regionem
1556 2043 1642 2101 vero,
1665 2026 1696 2082 in

911 2131 970 2189 qua
993 2113 1053 2171 baec
1074 2114 1200 2190 Apamea
1219 2116 1274 2172 sita
1294 2127 1371 2188 erat,
1399 2135 1416 2174 a
1435 2115 1576 2175 Strabone
1596 2120 1694 2178 vorari

914 2207 1109 2267 Καππαδοκίαν
1122 2207 1168 2280 τὴν
1184 2209 1339 2270 Σελιυκίδα.

955 2304 1021 2364 036.
1039 2304 1123 2374 0006
1145 2325 1295 2364 mensuras
1311 2307 1412 2364 attinet
1426 2327 1492 2366 cum
1513 2310 1695 2371 Artemidoro

912 2396 1045 2458 isidorus
1060 2399 1128 2459 lacit
1140 2400 1171 2456 in
1191 2399 1224 2459 il.
1240 2400 1256 2457 3
1271 2413 1300 2457 00
1314 2411 1330 2470 4
1343 2423 1351 2472 ;
1369 2401 1473 2462 Africae
1485 2403 1695 2479 longitudinem

912 2493 1013 2569 paullo
1032 2493 1174 2571 majorem
1194 2513 1282 2572 quam
1296 2497 1498 2556 Artemidorus
1519 2502 1634 2572 statuit3
1659 2503 1695 2560 de

911 2587 1066 2648 latitudine
1082 2600 1165 2648 terrae
1185 2591 1221 2648 ab
1238 2590 1424 2650 Artemidoro
1438 2611 1473 2650 00
1496 2592 1594 2653 diflert
1616 2599 1695 2674 quod

911 2683 1111 2742 distantiama
1135 2685 1228 2745 Tanai
1246 2687 1282 2745 ad
1305 2687 1423 2746 Thulen
1444 2690 1635 2767 pertinentem
1664 2693 1695 2750 in

911 2793 1079 2859 computum
1094 2785 1202 2860 recepit
1213 2801 1249 2840 ex
1266 2783 1325 2842 lide
1335 2783 1467 2861 Pytheae,
1483 2786 1568 2862 cujus
1597 2801 1695 2847 aucto-

911 2877 1025 2935 ritatem
1045 2878 1166 2954 majoris
1195 2880 1296 2939 iecisse
1317 2879 1406 2939 debet
1425 2900 1511 2958 quam
1533 2882 1694 2961 Polybius,

911 2973 1124 3046 Artemidorus,
1140 2974 1253 3035 Strabo.
1268 2976 1311 3035 De
1325 2977 1482 3036 Britannia
1496 2979 1695 3056 magnitudine

911 3070 981 3129 item
996 3072 1129 3148 sequitur
1146 3070 1297 3148 Pytheam.
1316 3075 1482 3134 insularum
1499 3078 1588 3136 maris
1607 3078 1693 3153 AEgaei

911 3165 1055 3227 ambitum
1075 3167 1247 3245 plerumque
1269 3171 1432 3229 accuratius
1458 3190 1545 3247 quam
1578 3172 1694 3249 priores

910 3262 1071 3322 constituit.
1096 3264 1139 3321 Dc
1155 3266 1251 3341 Cypro
1266 3278 1294 3323 00
1318 3264 1405 3323 Samo
1428 3267 1543 3337 insulis,
1559 3266 1634 3324 sicut
1658 3266 1694 3324 60

909 3358 1077 3427 Britannia,
1097 3376 1162 3416 cum
1184 3358 1298 3417 isidoro
1324 3360 1391 3417 lacit
1414 3360 1586 3438 Anonymus
1606 3380 1692 3437 quem

909 3452 1043 3513 ldiiierus
1054 3454 1147 3513 edidit
1158 3456 1193 3513 ad
1205 3456 1311 3514 calcem
1324 3454 1465 3523 liarciani
1474 3477 1504 3533 p.
1524 3458 1592 3515 300.

954 3550 1020 3621 037.
1036 3550 1166 3609 Alterum
1187 3570 1261 3628 opus
1281 3549 1449 3609 continebat
1468 3538 1692 3629 descriptionem

907 3644 1036 3704 Parthiae
1049 3646 1112 3705 sire
1132 3646 1299 3722 regionum,
1320 3666 1385 3723 quas
1407 3666 1424 3704 a
1443 3648 1517 3705 mari
1536 3646 1635 3707 iiubro
1657 3649 1693 3706 ad

907 3742 1046 3820 Caspium
1055 3754 1083 3799 et
1092 3741 1129 3800 ab
1137 3740 1284 3820 Euphrate
1294 3760 1387 3819 usque
1398 3741 1434 3799 ad
1444 3744 1508 3801 loca
1518 3738 1591 3800 indo
1603 3742 1693 3801 fluvio

908 3839 1046 3917 proxima
1055 3837 1228 3897 Parthorum
1240 3838 1366 3916 imperio
1377 3850 1447 3895 tunc
1457 3836 1588 3915 subjecta
1599 3852 1691 3899 erant.

909 3936 998 4015 Apud
1012 3934 1181 3993 Athenaeum
1196 3934 1297 3994 titulus
1316 3936 1414 4013 operis
1425 3933 1560 3997 laudatur
1575 3934 1694 4014 Παρθίας

908 4032 1082 4111 περιήγηαιςς
1098 4043 1234 4110 excerpta
1244 4044 1341 4091 nostra
1355 4030 1560 4090 inscribuntur
1574 4031 1692 4105 Σταθμοὶ

909 4125 1049 4206 ΠαρθικοΙ,
1061 4146 1126 4203 quae
1135 4126 1254 4203 quidem
1266 4126 1420 4203 inscriptio
1431 4125 1549 4185 nonnisi
1562 4124 1597 4183 ad
1607 4144 1692 4201 argu·

909 4236 1039 4281 mentum
1052 4224 1201 4301 pertinere
1210 4222 1344 4281 videatur
1356 4242 1456 4281 eorum
1468 4242 1533 4300 quae
1543 4235 1693 4300 excerptor

908 4319 956 4375 vel
972 4338 1008 4377 ex
1030 4318 1213 4397 periegeseos
1228 4338 1316 4396 opere
1328 4318 1477 4394 collegerit
1497 4319 1543 4375 vel
1568 4318 1600 4375 in
1614 4332 1693 4376 certo

908 4412 1035 4491 quodam
1050 4414 1114 4489 ejus
1128 4412 1227 4491 operis
1244 4416 1337 4491 eapite
1353 4411 1391 4471 ab
1404 4414 1470 4490 ipso
1482 4409 1597 4471 isidoro
1611 4432 1692 4471 conr-

907 4510 1005 4588 posita
1022 4510 1174 4585 repererit.
1187 4507 1277 4566 Caute
1290 4520 1385 4568 tamen
1400 4506 1436 4565 de
1449 4506 1497 4565 his
1511 4508 1692 4567 statuendum

909 4617 963 4663 000.
983 4603 1056 4665 Nam
1068 4606 1200 4681 Amyntae
1215 4600 1333 4677 Σταθμοὶ
1345 4598 1432 4666 Ἀσίας
1443 4613 1472 4659 00
1485 4602 1613 4662 ilaetonis
1624 4605 1694 4663 Στα-

908 4698 969 4772 tpol
983 4701 1029 4767 τῆς
1044 4696 1213 4775 Ἀλεξάνδρου
1227 4694 1332 4774 πορείας
1347 4694 1396 4773 (v.
1411 4695 1517 4775 Script.
1532 4716 1591 4755 rer.
1607 4698 1692 4759 Alex.

908 4811 940 4870 p.
954 4793 1008 4860 034
1023 4792 1106 4869 sqq.)
1122 4812 1181 4851 non
1197 4788 1395 4851 subsistebant
1408 4791 1440 4849 in
1454 4792 1590 4851 notandis
1606 4811 1693 4879 ipan-

909 4888 1044 4955 sionibus
1055 4906 1212 4965 earumque
1224 4887 1379 4961 distantiis,
1398 4888 1448 4946 sed
1461 4890 1625 4965 regionum,
1641 4909 1693 4967 per

115 5010 144 5063 Γ)
156 5005 297 5055 0060001000
316 5006 351 5056 ita
364 5007 528 5069 obtritos?
540 5024 546 5056 =
559 5025 571 5048 ι
580 5006 707 5069 scripserit
718 5005 826 5056 isidorus
836 5008 892 5066 post
905 5008 1002 5058 initium
1017 5006 1131 5058 lladriaol
1142 5009 1258 5057 ettamen
1269 5008 1374 5058 Lucieno
1389 5007 1459 5057 tanto
1473 5008 1593 5071 antiquior
1610 5010 1692 5068 luerit,

85 5080 111 5124 nt
121 5077 150 5125 ab
160 5090 190 5126 eo
202 5077 307 5138 potuerit
319 5076 350 5125 ad
365 5080 445 5140 partes
456 5077 567 5127 advocari
576 5113 584 5136 ,
594 5090 682 5140 nempe
694 5077 799 5131 sumno
810 5077 906 5139 propior
922 5092 995 5141 quam
1013 5079 1098 5129 Plinio.
1113 5097 1125 5123 ν
1143 5080 1220 5141 Atque
1235 5078 1288 5129 brec
1302 5078 1400 5141 quidem
1414 5077 1444 5128 de
1454 5078 1571 5129 Partiricas
1584 5080 1692 5142 periege-

85 5158 136 5193 seos
146 5148 254 5205 auctore,
267 5157 281 5193 a
292 5159 343 5208 qno
354 5147 513 5209 antiquiorem
527 5148 654 5207 distinguit
673 5148 790 5201 isidorum
807 5150 850 5209 uui
868 5148 951 5199 orbem
965 5152 1081 5199 terrarum
1098 5150 1233 5211 descripsit.
1252 5149 1431 5211 argumentatio
1440 5161 1488 5213 qua
1501 5149 1552 5199 isac
1573 5150 1692 5211 nituntur,

85 5228 152 5275 maor
162 5216 195 5267 sit
204 5216 286 5279 inepta
291 5251 299 5277 ,
309 5216 403 5267 monuit
412 5217 590 5279 Saiolecrolm
602 5230 647 5280 ego
657 5218 683 5268 in
693 5218 843 5282 exponendis
854 5218 1036 5283 reiciendisque
1048 5218 1157 5271 ludibriis
1174 5225 1269 5285 tompus
1278 5222 1356 5270 terere
1365 5218 1431 5269 nolas
1440 5216 1507 5269 duri.
