3775 5750
564 380 616 441 ult
639 380 827 440 ntuuotu
847 379 1197 443 ctulflsutuluusu.
1602 404 1684 446 utu

111 523 157 581 33.
175 520 282 579 lledux
302 520 406 577 Hanno
423 518 618 579 narrationem
634 517 749 577 itineris
761 518 790 576 in
805 516 857 575 Sa·
945 520 1297 600 34.Famaquaedamnori
1304 523 1469 582 commercii
1478 539 1685 603 pernautarum

72 610 858 692 inmitemplodedicavit,testantegraecinostrilibelli
899 628 1153 693 ‚mercatorumque
1161 618 1266 693 vulgus
1275 637 1344 675 mox
1353 616 1686 697 adGraecospenetrasse

72 714 223 771 indiculo:
236 708 366 778 Ἄννωνος
375 708 566 790 Καρχηδονίων
575 710 706 789 βασιλέως
718 708 859 787 περίπλοος
904 708 1031 770 ridetur.
1047 710 1118 780 Quae
1133 710 1169 768 de
1188 730 1261 769 auro
1275 712 1419 771 Ceraunis
1432 714 1535 772 insulae
1550 716 1686 775 Herodo-

72 811 122 865 τῶν
137 808 207 886 ὑπὲρ
226 806 275 873 τὰς
297 803 457 885 Ἡρακλέους
479 804 577 875 erile<
599 802 722 865 Αεὸοκῶν
744 806 791 873 τῆς
812 806 860 881 γῆς
907 804 1008 878 tuslV,
1023 806 1076 881 195
1092 817 1202 885 narrat,
1212 808 1360 867 confusam
1369 808 1476 867 Cernes
1487 810 1590 871 insulae
1600 826 1629 870 et
1638 834 1687 873 re-

75 905 172 979 μερῶν,
183 901 213 960 ds
225 900 271 959 καὶ
284 899 393 972 ἀνέθηκε
408 900 436 957 ir
450 901 543 981 τῷποῦ
558 898 660 977 Κρόνου
674 896 786 974 τεμένει.
800 898 858 956 De·
904 905 999 981 gionis
1016 904 1149 963 auriferae
1161 905 1328 963 memoriam
1342 904 1467 983 prodere
1481 922 1598 966 censent
1611 930 1666 987 pro
1675 944 1687 955 -

73 1000 253 1058 dicationem
271 998 369 1057 innuit
382 999 469 1057 etiam
485 996 627 1057 Aristides
643 996 674 1055 in
692 996 860 1075 AEgyptiaco
904 998 1050 1059 habiliter.
1068 1000 1167 1079 ipsum
1182 1000 1288 1059 Cernes
1303 1018 1408 1059 nomen
1427 1000 1555 1080 primum
1566 1003 1686 1063 obvium
1787 1060 1797 1077 ,

71 1095 142 1168 tll,
158 1116 191 1173 p.
206 1102 264 1168 474
280 1096 380 1153 verbis
391 1094 473 1153 hisce
487 1092 559 1153 :ilat
571 1092 623 1167 μὴν
638 1091 696 1150 otii
713 1093 860 1172 Καρχηδο-
905 1094 938 1153 iit
950 1096 980 1153 in
992 1095 1159 1171 fragmentis
1172 1094 1292 1175 Ephori.
1306 1095 1386 1154 Idem
1395 1094 1530 1174 Ephorus
1538 1096 1569 1157 in
1580 1098 1686 1159 Oceani

70 1189 130 1247 νίων
145 1192 172 1247 oi
186 1177 378 1255 ἐκπλεύσαντες
402 1186 452 1255 ἔξω
471 1186 604 1266 Γαδείρων
628 1186 674 1244 καλ
692 1184 740 1253 τὰς
762 1188 789 1244 ἔν
808 1186 862 1253 τοῖς
905 1190 1020 1250 occidui
1042 1210 1096 1250 ora
1118 1191 1199 1248 novit
1224 1189 1339 1269 Καρικὸν
1366 1194 1465 1270 τεῖχος,
1486 1194 1565 1269 quod
1593 1208 1687 1254 tamen

71 1283 179 1362 ἐρήμοις
192 1287 242 1353 τῆς
260 1281 362 1355 nisiae
379 1281 468 1348 πόλεις
482 1280 628 1346 οἰκίσαντες
642 1285 733 1339 τοῦτον
747 1280 860 1358 ἤνεγκαν
905 1286 1047 1367 oppidum
1058 1306 1147 1365 quum
1160 1283 1197 1343 ab
1206 1284 1346 1344 Hannone
1356 1288 1472 1346 nonnisi
1482 1290 1566 1347 novis
1577 1290 1688 1348 colonis

70 1382 160 1439 οἶκαδε
175 1380 222 1439 τὸν
234 1380 325 1457 λόγον,
341 1380 395 1437 οὔδ’
410 1378 561 1459 ἀνέγραψαν
575 1376 628 1437 ott
645 1376 773 1448 ἀνέθηκαν
787 1377 861 1457 ἐντῷ
906 1396 1020 1442 auctum
1032 1383 1079 1451 sit,
1086 1380 1146 1458 jam
1158 1380 1270 1459 pridem
1282 1380 1392 1441 Graecis
1402 1393 1502 1439 notum
1514 1402 1576 1443 esse
1584 1386 1688 1464 potuit,
1708 1433 1714 1439 .

70 1479 148 1555 ἱερῷ,
169 1474 251 1553 ἕτερα
264 1471 354 1533 πολλὰ
365 1472 412 1531 καί
423 1472 509 1533 ἄτοπα
522 1471 679 1553 γράψαντες.
698 1472 795 1532 Idem:
811 1474 862 1533 El·
905 1478 990 1537 sicuti
1003 1476 1158 1548 lleiittam,
1174 1476 1302 1551 ejusdem
1312 1488 1421 1535 tractus
1432 1474 1544 1550 locum,
1559 1476 1620 1555 jam
1636 1500 1687 1538 no·

71 1574 113 1638 κὸς
130 1563 165 1642 ἦν
179 1567 298 1649 δημοσίᾳ
313 1567 412 1649 ρρείοαι
426 1566 472 1625 καί
484 1570 638 1645 ἀναγγεῖλαι
653 1567 778 1625 ἀναθέντα
790 1566 862 1645 λέγω
906 1574 977 1631 vite
989 1570 1117 1647 Caricis,
1139 1571 1258 1647 opinor,
1276 1571 1372 1629 nautis
1386 1570 1534 1643 Hecataeus
1545 1572 1685 1638 lililesius.

70 1668 115 1725 καὶ
128 1670 236 1738 τοῦτον,
246 1661 336 1742 ὥσπερ
345 1665 369 1721 ol
381 1664 432 1720 τῶν
445 1661 634 1741 Καρχηδονίων
642 1661 768 1739 ἡγεμόνες
775 1661 861 1740 rpite·
906 1666 1062 1727 Conditum
1073 1684 1144 1725 vero
1156 1664 1193 1725 ab
1204 1666 1346 1725 Hannone
1354 1664 1380 1725 Τ
1381 1666 1585 1742 hymiaterium
1594 1682 1622 1728 et
1632 1670 1689 1729 alia

71 1784 143 1835 ματα
162 1758 231 1839 ὑπὲρ
248 1758 347 1817 τούτων
359 1754 395 1823 είς
408 1780 433 1815 τε
450 1760 503 1816 τῶν
515 1758 607 1815 κοινῶν
620 1759 697 1836 ἱερῶν
712 1758 760 1834 (⁸).
775 1758 862 1815 Sinai·
906 1762 1038 1841 quaedam
1053 1780 1119 1840 quae
1130 1780 1195 1819 cum
1206 1761 1365 1820 Hannonea
1375 1762 1543 1821 narratione
1553 1767 1689 1843 componi

70 1858 138 1915 liter
152 1854 274 1914 Plinius
299 1850 349 1922 Vl,
372 1852 410 1911 36
430 1864 530 1910 narrat
549 1852 722 1910 Hannonem
737 1852 860 1911 duarum
905 1871 1037 1939 possunt,
1047 1857 1184 1935 leguntur
1194 1858 1224 1916 in
1233 1856 1362 1936 Scylacei
1373 1858 1568 1937 peripliparte
1577 1874 1689 1940 postre-

70 1952 242 2028 Gorgadum
267 1962 347 2009 cutes
374 1950 537 2023 argumenti
560 1961 589 2006 et
610 1948 745 2006 miraculi
769 1950 862 2024 gratia
905 1975 968 2027 ma,
983 1972 1074 2033 quaea
1088 1952 1196 2032 reliqui
1209 1953 1318 2032 peripli
1328 1952 1427 2012 indole
1439 1954 1513 2013 inire
1522 1952 1690 2035 discrepans

72 2050 102 2106 in
115 2046 249 2106 lunonis
269 2049 378 2123 templo
400 2044 550 2121 posuisse,
565 2055 707 2121 spectatas
721 2044 860 2120 usquead
906 2051 1050 2109 aseriore
1073 2049 1173 2129 aliquo
1195 2048 1314 2106 homine
1333 2059 1430 2106 assuta
1449 2062 1502 2109 est.
1528 2049 1690 2111 Chremetis

70 2144 280 2218 Carthaginem
301 2154 426 2219 captam·
449 2138 502 2198 His
519 2160 572 2198 cut
598 2138 672 2198 fides
685 2140 860 2215 denegetur,
906 2148 988 2206 fluvii
1015 2148 1125 2205 mentio
1154 2145 1186 2204 lit
1209 2146 1240 2204 in
1261 2144 1426 2203 Aristotelis
1457 2144 1690 2225 Heteorologicis

71 2258 189 2298 cauum
205 2236 341 2296 idoneam
357 2256 417 2294 non
430 2235 529 2295 video.
547 2234 718 2293 Hannonem
734 2238 861 2316 suscepti
905 2244 931 2316 l,
957 2244 1003 2305 13.
1026 2244 1082 2302 Sed
1099 2244 1203 2303 horum
1226 2240 1299 2301 nihil
1321 2242 1362 2300 ita
1380 2258 1577 2321 comparatum
1592 2259 1647 2323 est,
1659 2260 1690 2307 ut

70 2335 184 2412 negotii
199 2334 329 2391 rationes
336 2333 368 2391 in
378 2344 479 2391 senatu
493 2330 669 2404 reddidisse,
682 2348 785 2409 easque
797 2332 863 2391 lite·
904 2360 941 2397 ex
958 2341 1024 2421 ipsa
1042 2350 1143 2398 nostra
1165 2338 1275 2419 peripli
1292 2338 1428 2397 versione
1441 2338 1560 2399 fluxisse
1576 2338 1691 2404 debeat.

13 2465 14 2468 ε
70 2435 111 2491 ris
125 2430 317 2507 consignatas
325 2441 354 2487 et
365 2430 391 2487 ἐν
402 2426 502 2510 ἀρχείερ
511 2440 673 2486 asservatas
685 2446 748 2486 esse
757 2441 862 2505 sponte
905 2434 1023 2494 Primus
1038 2436 1090 2513 qni
1116 2438 1232 2492 landam
1252 2436 1398 2491 Hannonis
1412 2438 1523 2511 μογεροῖο
1548 2434 1585 2494 de
1613 2436 1690 2511 ignis

70 2528 262 2603 intelligitur.
275 2525 311 2583 ln
323 2524 370 2584 his
379 2545 449 2583 vero
458 2544 549 2603 quum
562 2524 678 2601 singula
687 2542 752 2601 quae
763 2523 799 2583 ad
812 2545 862 2583 co·
906 2530 1129 2590 torrentibnsea
1141 2549 1205 2607 qua
1214 2548 1278 2607 pag.
1293 2528 1483 2608 rileguntur,
1497 2528 1592 2603 affert,
1609 2530 1690 2591 ideo.

69 2626 224 2684 loniarurn
232 2622 443 2682 institutionem
452 2624 664 2681 etcommercia
672 2623 862 2702 pertinerent,
907 2646 964 2705 que
985 2642 1080 2702 greca
1105 2623 1213 2702 peripli
1227 2624 1363 2683 versione
1386 2642 1456 2683 usus
1476 2642 1539 2683 esse
1559 2624 1689 2701 ridetur,

69 2732 208 2778 accurate
217 2717 364 2795 descripta
374 2736 437 2776 esse
447 2716 591 2776 censenda
601 2718 670 2790 sint,
681 2716 759 2775 haud
769 2716 861 2776 obvio
905 2721 1205 2797 Pseudo-Aristoteles
1214 2733 1258 2779 est
1273 2722 1303 2779 in
1314 2718 1382 2780 Hir.
1392 2741 1417 2781 c.
1430 2720 1465 2793 37
1476 2718 1524 2781 ed.
1537 2720 1688 2781 Westerm.
1758 2748 1762 2762 .
1777 2784 1782 2791 ,

71 2818 180 2895 suique
192 2812 305 2872 aditum
316 2812 351 2870 ad
365 2832 399 2871 ea
408 2814 537 2892 patuisse
546 2812 777 2871 tantolibentius
790 2833 862 2871 con·
906 2800 1061 2878 Auctorem
1079 2814 1168 2895 hujus
1191 2814 1373 2876 collectionis
1396 2814 1489 2895 liquet
1510 2816 1691 2897 temporibus

69 2913 168 2990 cedes,
183 2923 296 2989 quanto
310 2909 415 2968 anxius
436 2928 540 2968 cavere
554 2911 682 2969 solerent
701 2909 861 2985 Carthagi·
908 2914 1074 2998 Agathoclis
1088 2915 1205 2990 tyranni
1221 2913 1230 2992 (
1244 2911 1328 2990 cujus
1340 2935 1367 2974 c.
1382 2933 1437 2970 110
1448 2913 1557 2972 mentio
1567 2911 1616 2994 lit)
1631 2933 1691 2974 non

70 3013 190 3068 nienses
210 3027 248 3066 ne
262 3007 300 3066 ad
324 3019 440 3065 exteros
454 3007 525 3065 talia
545 3019 763 3086 promanarent.
779 3005 861 3064 Nihil
907 3010 998 3069 luisse
1021 3010 1230 3086 antiquiorem.
1253 3009 1388 3084 Denique
1412 3008 1617 3068 memorandus
1635 3009 1692 3070 hoc

55 3099 143 3164 'vero
157 3102 355 3182 impediebat,
375 3103 446 3180 quin
465 3123 578 3163 summa
591 3103 708 3162 itineris
721 3103 816 3180 capita
830 3103 862 3161 in
906 3107 971 3165 loco
993 3118 1037 3164 est
1056 3104 1201 3164 Arrianus
1221 3104 1272 3182 qui
1288 3105 1320 3163 in
1337 3103 1402 3162 lnd.
1418 3124 1443 3166 c.
1469 3105 1505 3174 13
1520 3105 1530 3184 (
1543 3125 1574 3166 ν.
1587 3105 1692 3166 Hanno

68 3203 216 3260 honorem
232 3197 862 3278 Hannonistitulopublicocommendaren-
906 3220 936 3279 p.
955 3201 1011 3278 il.)
1033 3201 1069 3260 de
1092 3199 1242 3258 Hannonis
1266 3198 1454 3276 navigatione
1479 3198 1582 3258 ceteris
1604 3199 1693 3259 hahet

68 3313 116 3357 tur
129 3297 202 3372 tali,
216 3295 334 3374 qualem
346 3315 439 3371 greca
450 3307 552 3353 nostra
558 3293 698 3365 reddunt,
713 3292 862 3371 inquibus
906 3295 1112 3355 luculentiora.
1124 3293 1191 3372 lpse
1203 3293 1322 3371 quidem
1336 3293 1484 3370 sequioris
1495 3295 1587 3354 aetatis
1604 3294 1692 3354 homo

69 3396 104 3455 de
117 3393 309 3454 commerciis
327 3412 366 3452 ne
385 3391 509 3452 verbum
527 3392 646 3472 quidem
666 3403 759 3452 exstat
770 3404 800 3452 et
813 3411 862 3450 co·
907 3403 965 3462 est,
983 3389 1033 3448 sed
1058 3389 1188 3448 Historia
1206 3387 1308 3447 Indica
1329 3388 1397 3446 satis
1417 3387 1522 3466 probat
1543 3388 1692 3464 ignorasse

70 3492 220 3550 ioniarum
229 3491 283 3549 rix
292 3489 412 3550 nomina
420 3503 618 3569 apponuntur,
629 3489 862 3568 plurimaautem
907 3497 1053 3544 auctorem
1063 3483 1193 3563 piurima
1202 3503 1278 3562 quse,
1292 3483 1374 3542 sisui
1389 3481 1444 3540 aevi
1458 3483 1590 3561 periplos
1603 3484 1689 3560 legis·

70 3601 138 3644 sunt
159 3587 242 3644 circa
257 3584 407 3643 mirabilia
427 3585 603 3660 itinerisque
627 3583 777 3662 pericula,
797 3601 863 3660 quas
907 3593 961 3652 set,
975 3579 1050 3640 scire
1073 3578 1207 3652 debebat,
1229 3590 1381 3655 totumque
1403 3577 1530 3656 pendere
1541 3597 1577 3637 ex
1591 3581 1692 3658 paucis

69 3681 255 3740 deterrerent
264 3680 364 3758 potius
376 3679 473 3738 simile
483 3679 554 3756 quid
569 3698 693 3738 ausuros
708 3697 795 3755 quam
811 3698 862 3738 ex·
905 3673 993 3733 bonae
1013 3675 1194 3753 antiquitatis
1208 3673 1412 3751 scriptoribus,
1435 3671 1577 3746 Nearcho,
1594 3675 1689 3752 illega-

71 3779 217 3847 citarent,
240 3777 314 3834 adeo
326 3789 360 3834 ut
379 3795 416 3834 es
429 3795 465 3834 eo
482 3776 548 3853 ipso
568 3774 691 3834 consilio
706 3775 863 3834 videantur
906 3772 1024 3844 sthene,
1046 3771 1216 3842 Daimacho,
1243 3769 1442 3830 Eratosthene.
1456 3769 1511 3828 vix
1529 3771 1621 3848 igitur
1635 3773 1692 3831 du·
1739 3790 1745 3798 ·

69 3893 155 3931 suum
166 3871 295 3931 traxisse
301 3871 553 3934 coloremOratio
562 3882 660 3928 antem
669 3870 752 3929 rolin
761 3869 863 3945 graccis
906 3867 990 3928 bium
1002 3881 1056 3942 est,
1072 3867 1144 3947 quin
1159 3887 1224 3947 qua
1238 3865 1274 3928 de
1289 3865 1399 3927 Arabia
1413 3865 1543 3926 nondum
1562 3869 1689 3928 circum·

69 3988 129 4045 pras
145 3987 180 4026 se
200 3969 259 4024 lert
275 3966 393 4025 dicendi
407 3983 498 4042 genus
513 3964 660 4023 abscisum
678 3963 752 4023 illud
769 3964 864 4023 acdu·
906 3969 1044 4043 navigata
1055 3979 1084 4025 et
1098 3967 1215 4024 Oceano
1226 3965 1349 4024 occiduo
1366 3979 1394 4025 et
1407 3964 1557 4024 Hannonis
1570 3967 1692 4042 naviga-

69 4083 146 4133 mm,
164 4081 254 4140 quem
272 4060 380 4137 stylum
401 4058 577 4140 lapidarium
593 4072 710 4116 vocant.
729 4058 861 4128 Quanam
907 4063 988 4121 tione
999 4060 1109 4120 indicis
1124 4061 1294 4138 subjungit,
1305 4079 1341 4119 ex
1358 4058 1547 4119 Eratosthene
1557 4059 1692 4138 deprom-

68 4158 290 4236 probabilitatis
302 4159 402 4236 speeie
419 4157 504 4215 multi
519 4155 686 4215 censuerint
699 4174 860 4231 gracorum
907 4158 989 4216 serit.
1005 4155 1136 4216 Huncde
1150 4156 1323 4214 Phoenicum
1345 4156 1381 4214 ad
1395 4155 1542 4214 Oceanum
1563 4155 1691 4216 coloniis

68 4268 218 4312 auctorem
242 4253 336 4311 lusam
364 4256 559 4311 narrationem
584 4251 723 4330 punicam
747 4251 779 4310 in
797 4271 860 4310 ma·
907 4251 1028 4331 Libycis
1038 4252 1115 4312 haud
1127 4271 1219 4332 pauca
1229 4253 1348 4312 novisse
1359 4251 1578 4328 vidimus,quae
1587 4250 1693 4310 Strabo

68 4351 209 4408 clientum
224 4348 372 4424 redegisse
389 4347 612 4426 compendium,
634 4365 695 4406 non
710 4365 860 4425 assequor.
907 4361 1054 4425 tamquam
1068 4347 1201 4408 sabulosa
1211 4346 1298 4420 ridet,
1312 4348 1385 4405 istas
1396 4345 1508 4404 fabulas
1519 4363 1591 4402 vero
1601 4343 1694 4424 Ophe·

68 4496 114 4533 oon
130 4490 217 4534 tamen
232 4483 264 4533 de
277 4483 320 4534 lali
337 4497 419 4533 rerum
435 4483 501 4533 siaiu
514 4485 625 4533 constare
644 4482 696 4532 alne
708 4481 829 4532 bituricis
842 4483 939 4533 meris.
957 4483 1051 4532 Homm
1067 4495 1124 4534 rem
1143 4481 1314 4547 antiquissimis
1332 4494 1347 4531 a
1364 4479 1481 4543 Dionysio
1496 4479 1552 4530 Hal.
1571 4485 1692 4532 accenseri

67 4556 218 4604 lntmcliom
231 4558 443 4617 syracusanum...
458 4573 471 4598 ι
482 4555 562 4606 Hedio
575 4567 632 4617 ergo
642 4555 705 4604 inter
713 4555 804 4617 cymm
821 4556 846 4603 ei
853 4555 956 4605 Darium
972 4553 1079 4606 tiolhum
1091 4553 1218 4603 intervallo
1230 4553 1300 4616 primi
1312 4549 1428 4614 ceperint
1437 4549 1552 4600 historici.
1565 4552 1614 4600 ileo
1628 4555 1695 4613 poie-

69 4629 121 4675 rant
135 4625 198 4676 adso
208 4627 290 4676 mullo
300 4639 351 4677 esse
359 4626 509 4689 antiquiores
518 4639 556 4674 res
566 4624 797 4686 Carthaginiensium
808 4624 990 4675 florentissima.
1005 4626 1052 4686 Qui
1064 4625 1128 4674 enim
1143 4637 1181 4674 ras
1193 4621 1425 4685 carthaginiensium
1435 4621 1514 4683 lingua
1526 4622 1602 4683 patria
1619 4621 1692 4672 Poni-

67 4707 94 4742 α
105 4695 248 4757 prodiderit,
260 4697 384 4746 punition
395 4696 458 4757 apud
467 4698 559 4745 retusa
565 4695 704 4758 reperimus.
720 4713 732 4738 n
742 4694 785 4745 llis
793 4695 912 4754 terminis,
924 4707 985 4756 quos
996 4693 1078 4745 excedi
1091 4707 1140 4746 non
1150 4694 1230 4754 liceri,
1243 4691 1387 4751 constitutis,
1402 4691 1542 4741 Doduellua
1552 4694 1693 4742 Hannonem

69 4769 92 4812 et
102 4765 268 4815 Himilconem
280 4765 429 4828 navigatores
443 4765 539 4815 eosdon
552 4778 604 4815 esse
616 4767 700 4816 cusat
717 4778 775 4814 cum
791 4767 909 4816 Hannone
921 4769 947 4815 et
959 4765 1093 4816 Himilcone
1104 4764 1215 4826 ducibus,
1229 4763 1272 4826 qui
1283 4763 1379 4824 olymp.
1399 4764 1452 4822 ill,
1466 4769 1480 4812 1
1495 4765 1578 4811 contra
1588 4763 1693 4824 Λεαίίνο·

67 4836 130 4884 clern
142 4839 324 4900 syracusanum
336 4850 374 4886 res
387 4837 508 4899 gerebant.
523 4837 638 4887 ceterum
646 4835 765 4899 periplum
777 4837 832 4898 post
843 4839 946 4886 nomm
955 4837 1078 4886 Hannonis
1088 4835 1134 4886 sub
1145 4835 1208 4884 iliius
1219 4833 1316 4884 nomine
1331 4833 1401 4883 finxit
1412 4835 1514 4885 Greous
1525 4831 1623 4895 quidam
1632 4835 1692 4882 (iar-

68 4906 258 4968 llnginiensium
272 4907 401 4958 studiosus.
420 4908 508 4970 scylax
527 4909 670 4957 Hannonem
683 4920 734 4956 non
744 4907 864 4968 aditibuit,
886 4907 1024 4957 redomuit
1041 4919 1085 4957 sua
1097 4919 1127 4958 et
1141 4904 1318 4970 antiquioribus
1337 4905 1480 4955 Phonicum
1496 4903 1593 4967 perlplls
1605 4903 1692 4953 bault.

68 4979 126 5024 itare
137 4976 294 5040 oodwellns,
310 4977 380 5040 cnjus
394 4979 446 5027 iola
457 4977 588 5040 disputatio
600 4977 752 5041 ineptissimis
762 4976 963 5031 liariolatiouiiius
974 4979 1060 5028 scatet.

96 5049 130 5104 (⁹)
144 5046 184 5095 cl.
201 5045 291 5095 timim
307 5059 387 5096 rerum
401 5047 433 5096 ab
448 5048 581 5097 Hannibale
594 5052 715 5110 gestarum
727 5049 753 5098 in
764 5050 847 5099 iiaiioo
862 5049 954 5111 templo
963 5049 1065 5098 iunonis
1077 5045 1182 5098 Laciniae
1194 5045 1282 5110 punica
1292 5045 1372 5108 lingua
1384 5047 1409 5096 el
1418 5055 1497 5109 grace
1506 5043 1620 5092 exaratus
1631 5043 1691 5103 (Po-

67 5115 115 5174 islr.
129 5119 175 5178 iti,
190 5121 231 5166 ³³.
243 5123 288 5177 86;
302 5117 356 5167 nir.
370 5120 481 5180 xxviii,
494 5123 525 5168 lt
537 5120 556 5181 ).
572 5119 651 5169 llinus
663 5119 711 5168 buc
725 5120 846 5182 pertinent
856 5122 947 5172 tabula
964 5121 1081 5172 ioederum
1093 5121 1117 5170 in
1129 5118 1182 5170 ude
1196 5119 1264 5170 loris
1279 5117 1407 5180 capitolini
1421 5115 1525 5178 (Polyb.
1546 5116 1593 5173 ΙΙΙ,
1606 5119 1635 5162 la
1649 5113 1694 5173 )ei

69 5201 121 5247 rma
135 5188 161 5236 in
172 5186 271 5237 duobus
285 5187 381 5238 sacellis
390 5192 534 5238 consecratas
544 5193 613 5239 erant
627 5189 723 5239 iredsris
736 5203 793 5240 cum
805 5192 897 5242 celone
909 5191 962 5242 initi
972 5193 981 5252 (
992 5189 1092 5242 Diodor.
1105 5192 1149 5250 ill,
1169 5197 1226 5251 aaa
1236 5191 1255 5251 ).
1270 5189 1345 5251 Magis
1358 5189 1431 5238 etiam
1455 5199 1469 5236 a
1483 5199 1510 5237 rs
1522 5187 1604 5235 nostra
1615 5182 1694 5234 aliena

73 5261 129 5305 sunt
141 5261 302 5310 muniente
317 5257 457 5321 Hamilcari,
471 5261 500 5310 nl
514 5257 590 5322 heroi,
599 5259 693 5312 druria
703 5262 758 5312 ium
772 5263 917 5328 cenimina
930 5265 985 5314 tum
997 5262 1022 5312 in
1037 5259 1157 5324 coloniis(
1168 5259 1283 5314 Herodoi.
1301 5261 1356 5320 llll,
1372 5261 1413 5309 tul
1426 5259 1444 5322 i.
