3775 5750
102 280 163 355 (a.)
812 274 1008 335 araturos.
1680 292 1718 341 ιτ

142 433 177 471 at.
194 416 220 473 Τ
222 421 381 491 tuaruuot.
410 406 488 469 Μετίι
510 408 537 467 δὲ
557 408 713 474 Μοσσύνοος
738 406 808 473 ἔθνος
832 408 887 466 insi
969 412 1012 478 87.
1025 410 1170 461 Tisanusa.
1188 412 1249 462 Post
1258 412 1395 481 Mossynos
1409 413 1527 482 sequitur
1537 430 1599 481 gens
1609 414 1719 471 Tibare-

100 498 257 579 Τιῧαρηνοί.
933 513 1040 549 norum.
1520 564 1524 571 Ι

142 608 179 647 aa.
197 590 351 648 litamus.
369 585 444 645 Μετίι
461 586 488 645 δὲ
503 583 669 670 Τιβαρηνοὺς
684 582 804 651 λὀίλοὸές
822 585 885 641 είοιν
969 584 1013 635 88.
1035 583 1185 636 Cumaea.
1200 585 1263 637 Post
1275 585 1422 638 Tibarenos
1436 604 1499 654 gens
1513 598 1551 639 cst
1560 588 1718 659 Chalybum,

102 676 191 751 ἔθνος,
208 674 253 733 καὶ
272 674 387 745 Γενήτης
405 672 485 750 λιμὴν
498 672 628 744 rhetoric,
649 671 799 749 Σταμίνεια
814 672 889 738 πόλις
932 681 960 723 et
970 673 1083 724 Genetes
1098 683 1190 742 portus
1207 672 1324 737 clausus,
1342 674 1472 727 Stamenia
1491 675 1555 727 urbs
1574 677 1681 743 Graeca,
1695 689 1722 731 et

101 763 225 834 Ἑλληνίς
234 806 243 839 ,
253 762 299 820 καί
311 760 429 821 ’lucarie
444 761 584 841 ἀκρόπολις
594 758 726 831 Ἑλληνίς.
932 756 1071 849 smoniae?
1084 762 1305 833 [pmnroatoriam
1315 775 1340 816 et
1351 763 1410 817 Side
1421 766 1503 837 urbs]
1515 768 1616 819 Graeca.

101 935 164 981 στῶν
175 928 295 998 ποταμός,
306 928 444 993 similibus,
455 946 514 998 quas
524 946 577 980 non
586 938 646 981 sunt
656 929 764 980 nomino
772 929 887 999 propria,
934 928 994 981 beart
1008 929 1120 982 Amison
1130 942 1155 980 et
1167 927 1277 1001 Sinopen
1291 928 1346 995 (de
1354 932 1481 983 Amisene
1492 930 1562 984 ferro
1572 951 1596 984 v.
1609 934 1719 986 aristot.

101 1007 172 1061 sede
187 1018 283 1061 natura
304 1005 445 1077 indoleque
459 1006 508 1061 loci
521 1008 600 1078 petita
619 1006 659 1058 vel
677 1008 815 1060 nominum
827 1024 889 1077 pro·
932 1008 995 1060 Mir.
1011 1010 1061 1073 483
1075 1007 1105 1059 τὸ
1119 1006 1256 1060 Σινωπικὸν
1271 1009 1392 1078 στόμωμα
1405 1008 1553 1063 celebratur
1563 1028 1606 1081 ap.
1628 1012 1720 1083 Stepb.

101 1089 221 1158 priorum
236 1103 381 1157 synonyma
394 1084 433 1138 vel
445 1086 585 1139 versiones.
599 1086 641 1138 Sic
654 1086 784 1156 Χοιράδες,
801 1103 888 1157 rupes,
933 1088 996 1156 Byz.
1012 1105 1036 1138 a.
1053 1086 1243 1157 Λακεδαίμων),
1256 1104 1344 1139 arnam
1364 1088 1453 1156 Halyn
1464 1100 1490 1140 et
1511 1090 1721 1153 Thermodonta,-

101 1166 152 1221 dici
165 1176 270 1236 poterat
278 1166 342 1219 urbs
355 1182 414 1235 quae
422 1164 456 1217 ab
468 1166 530 1235 ipsis
540 1163 631 1217 ineolis
644 1164 784 1217 vocabatur
795 1164 889 1217 εοτίοον
938 1170 962 1219 Τ
960 1163 1140 1234 aemiscyriam
1149 1164 1286 1237 oppidum,
1299 1165 1421 1218 Tibareni
1434 1166 1560 1236 Chalybas
1570 1167 1717 1234 attingunt.

40 1290 43 1301 .
102 1247 218 1299 nominis
231 1263 309 1297 sensu
322 1245 443 1317 Κερασοῦς
455 1244 480 1315 (a
492 1245 590 1313 ripere,
604 1246 678 1314 rupis
691 1243 797 1314 cornu).
812 1244 889 1296 Simi·
934 1244 1085 1299 Herodotus
1098 1248 1122 1309 l,
1137 1246 1368 1316 28quoqueiuter
1381 1246 1493 1317 populos
1503 1264 1570 1317 quos
1584 1249 1621 1302 cis
1633 1249 1719 1320 Halyn

102 1322 160 1377 liter
174 1324 298 1395 Κερασοῦς
306 1323 379 1378 locus
392 1340 471 1394 quem
487 1326 549 1392 §89
564 1324 654 1393 Scylax
669 1332 806 1387 memorat,
819 1320 889 1393 apud
933 1318 1081 1377 habitantes
1103 1324 1209 1376 Crmsus
1229 1323 1377 1393 subegerit,
1399 1324 1527 1395 Chalybes
1544 1327 1672 1379 nominat.
1686 1332 1722 1382 At

47 1442 50 1447 .
101 1404 165 1455 alios
177 1414 287 1457 vocatur
298 1402 430 1464 Σαάπελος.
445 1402 550 1455 Novum
561 1404 711 1455 Pharnaciae
722 1418 818 1455 nomeu
828 1419 889 1454 cum
934 1414 1037 1474 partem
1051 1402 1208 1473 Chalybum,
1220 1403 1317 1473 quibus
1331 1402 1345 1454 8
1361 1403 1412 1472 βίος
1426 1400 1456 1469 ἦν
1469 1403 1517 1456 ἀπὸ
1535 1409 1577 1470 τῆς
1589 1406 1719 1476 σιδηρείας,

101 1484 274 1536 Ponticorum
295 1500 387 1551 regum
408 1482 520 1553 imperio
537 1483 659 1547 evanuit,
680 1481 888 1551 pristinumque,
935 1484 963 1534 in
985 1486 1211 1553 Mossynoecorum
1227 1480 1329 1535 ditione
1347 1482 1496 1555 Xenophon
1518 1484 1545 1536 in
1564 1484 1656 1537 itinere
1672 1504 1721 1539 suo

101 1564 140 1613 uti
154 1562 212 1615 lieri
222 1561 297 1627 solet,
307 1571 482 1631 resumptum.
494 1561 615 1613 Ceterum
627 1558 686 1629 plus
699 1558 777 1611 semel
793 1569 890 1613 utram·
937 1562 947 1633 (
958 1564 994 1627 V,
1008 1567 1042 1629 4,
1056 1580 1067 1615 1
1078 1562 1087 1633 )
1099 1560 1165 1614 vidit
1174 1564 1185 1630 (
1194 1560 1229 1614 ci.
1241 1564 1300 1631 §86
1309 1565 1329 1630 ).
1342 1564 1416 1615 Patet
1425 1563 1481 1615 haec
1490 1563 1657 1633 intelligenda
1666 1583 1721 1619 esse

100 1658 153 1709 que
174 1643 347 1695 Cerasuutem
366 1638 501 1695 confusam
523 1656 578 1691 esse
599 1638 721 1709 proclivis
741 1637 891 1707 conjectura
934 1640 969 1694 de
978 1644 1084 1711 regione
1097 1658 1155 1711 quae
1164 1651 1221 1693 erat
1233 1639 1267 1693 ad
1283 1640 1439 1695 (hulceritia
1449 1642 1560 1696 insulam
1570 1654 1597 1695 et
1605 1643 1720 1699 Pharna-

100 1731 149 1783 est,
163 1722 257 1792 reique
264 1720 412 1792 exemplum
423 1736 502 1789 supra
509 1716 654 1771 attulimus.
667 1719 707 1770 De
716 1718 800 1770 ruinis
809 1718 889 1771 Phar·
935 1722 1020 1785 ciam,
1035 1720 1147 1773 docente
1159 1718 1286 1773 Strabone
1299 1720 1369 1783 XII,
1382 1738 1410 1791 p.
1426 1720 1495 1789 549:
1510 1720 1540 1773 0t
1552 1722 1578 1775 δὲ
1600 1726 1642 1776 νῦν
1655 1710 1722 1775 xatss

101 1801 182 1853 naciae
194 1819 219 1853 v.
230 1800 363 1853 Hamilton
374 1798 391 1851 l.
406 1799 423 1851 ί.
437 1801 460 1863 ί,
470 1816 498 1869 p.
509 1802 571 1851 α6α.
585 1801 597 1864 ΙΙ
606 1797 674 1849 -’'ll
683 1815 696 1868 ρ
704 1816 714 1849 ε
723 1817 761 1857 ιος
779 1798 888 1867 νῆσος]
935 1800 1002 1851 δαῖοι
1010 1798 1154 1860 Χάλοὸεςτὸ
1164 1798 1269 1851 παλαιὸν
1281 1798 1453 1869 ὠνομάζοντο,
1465 1800 1520 1851 καθ’
1535 1800 1574 1862 οὓς
1587 1800 1693 1870 μάλιστα
1704 1802 1720 1867 ἡ

101 1899 132 1933 ex
147 1879 261 1933 adverso
274 1879 423 1932 Pharnacias
434 1879 488 1929 sive
502 1877 652 1929 Cerasuntis
665 1878 720 1929 sive
729 1875 890 1929 Choemdum
934 1878 1064 1950 Φαρνακία
1074 1878 1180 1948 ἵδρυται.
1190 1879 1230 1929 De
1240 1877 1341 1947 optimo
1350 1876 1512 1948 Μοσσυνοίκῳ
1521 1878 1610 1950 χαλκῷ
1618 1862 1721 1945 y.⁰Ari·

100 1962 165 2022 sita;
186 1976 259 2011 nuuc
274 1956 476 2011 Reman-Aria.
487 1954 556 2007 Vide
567 1953 602 2007 de
620 1956 704 2008 itrsula
715 1952 809 2008 sabulis
822 1956 890 2009 clara
934 1968 996 2011 stot.
1010 1960 1072 2011 Mir.
1088 1976 1112 2009 c.
1127 1962 1153 2011 6.
1170 1956 1212 2009 Ab
1226 1956 1266 2008 his
1279 1966 1367 2008 autem
1379 1955 1552 2026 Chalybibus,
1569 1958 1614 2027 qui
1630 1960 1720 2029 praeci·

102 2041 238 2107 anonym.
250 2034 345 2106 Peripl.
357 2038 372 2103 ς
383 2036 416 2103 37
426 2045 452 2087 ct
463 2036 495 2096 34
508 2035 516 2105 (
532 2032 613 2105 Ἀρῆος
624 2044 651 2087 et
665 2032 773 2104 Ἆρητιίις
786 2038 859 2101 νῆσος
869 2035 889 2105 );
934 2054 1000 2108 puas
1011 2036 1084 2089 sedes
1096 2037 1164 2087 inter
1177 2037 1303 2089 Genetem
1317 2045 1343 2086 et
1352 2033 1579 2088 Thermodontem
1590 2035 1722 2090 hebebant

102 2114 431 2186 Apolloniatiunm.
449 2114 888 2183 1047.1oa9sqq.;ueutt,7‚n;
934 2132 965 2168 nc
992 2116 1055 2168 hinc
1075 2133 1123 2187 per
1147 2116 1230 2167 varias
1251 2115 1370 2183 regiones
1396 2112 1466 2165 ferro
1488 2113 1582 2167 divites
1608 2114 1719 2186 dispersi

101 2196 201 2264 Hygia.
221 2193 284 2246 Pab.
307 2194 353 2257 30;
377 2192 476 2247 Plinius
491 2194 539 2259 Vl,
559 2194 588 2245 13
608 2191 792 2264 (Chalceritis,
810 2212 889 2265 qaam
934 2205 1026 2258 erant,
1039 2192 1188 2264 geographo
1202 2192 1212 2264 (
1226 2211 1278 2245 non
1300 2193 1379 2254 item,
1396 2202 1425 2244 ut
1449 2190 1562 2257 videtur,
1581 2193 1721 2263 ethnogra-

101 2272 189 2327 Groeci
205 2272 314 2326 Anium
324 2270 479 2342 dixerant).
934 2275 1018 2345 pho)
1043 2273 1126 2345 probe
1148 2270 1327 2341 distinguendi
1353 2281 1415 2323 sunt
1439 2270 1567 2342 Chalybes
1590 2274 1722 2326 htuneniae

137 2356 153 2421 ς
177 2356 223 2421 87.
246 2354 286 2404 De
307 2352 414 2421 regione
429 2351 622 2431 Tibarmtorum
644 2362 738 2422 prater
760 2351 835 2405 allata
853 2350 887 2404 σί.
935 2354 1031 2418 vicini,
1056 2353 1104 2404 viri
1127 2350 1295 2422 ἀλκιμώτατοι
1315 2350 1495 2421 (Xenophon.
1518 2351 1568 2416 IV,
1592 2351 1624 2415 5,
1642 2352 1685 2414 34.
1698 2357 1720 2419 ),

102 2437 239 2503 Anonym.
253 2432 324 2500 533,
341 2432 387 2501 qui
398 2430 527 2483 habitasse
539 2448 584 2483 eos
598 2431 634 2483 ait
649 2448 664 2483 a
679 2432 794 2501 Cotyoro
808 2448 891 2501 usque
935 2431 1167 2501 Armenochalybes
1183 2432 1259 2485 Plinii
1277 2430 1344 2503 (vt,
1356 2434 1371 2493 4
1384 2430 1404 2499 ).
1424 2428 1549 2491 Χαλιίὸοος
1562 2430 1626 2485 dicit
1639 2432 1722 2485 Heca·

102 2512 136 2564 ad
154 2511 347 2565 Polemonium.
371 2506 434 2579 Ejus
448 2510 582 2563 sententie
606 2508 734 2578 originem
748 2526 828 2581 supra
846 2527 890 2563 ex·
936 2511 1066 2581 taus(lr.
1091 2510 1182 2579 195),
1205 2510 1354 2581 Xenophon
1376 2510 1445 2573 vlt,
1462 2511 1496 2572 8,
1515 2509 1548 2561 α5
1563 2509 1590 2562 in
1610 2528 1721 2563 recensu

102 2592 190 2663 posui.
203 2590 296 2643 Strabo
304 2590 450 2642 Tibareuos
462 2588 566 2641 Colchis
582 2588 682 2640 ricinos
693 2587 753 2640 lacit
765 2591 776 2655 (
786 2606 813 2659 p.
829 2606 888 2659 ¹²9·
935 2590 1063 2658 gentium,
1073 2608 1138 2661 quas
1147 2589 1302 2660 peragravit,
1312 2587 1406 2640 alteros
1417 2586 1539 2652 Χάλοῦας,
1553 2588 1648 2642 alteros
1658 2589 1724 2641 Χαλ·

105 2674 168 2739 3⁰9·
184 2669 245 2738 ⁵²7·
259 2670 319 2731 534.
334 2670 394 2731 54ο.
411 2668 471 2729 548.
487 2666 536 2719 555
548 2667 568 2738 ).
582 2669 622 2719 De
631 2666 748 2720 moribus
768 2670 851 2735 gentis
864 2687 888 2721 v.
936 2670 1018 2730 δαίονς
1026 2668 1112 2721 dicere
1122 2667 1226 2721 videtur
1238 2684 1243 2719 :
1256 2666 1428 2737 ίίαρόοῦχοιδέ
1437 2667 1477 2719 καί
1487 2664 1595 2729 xitum<
1604 2667 1644 2719 καί
1653 2668 1721 2721 Χαλ-

104 2748 192 2819 Apoll.
213 2746 301 2800 Rbod.
320 2750 356 2811 11,
379 2762 447 2801 1010
463 2762 521 2815 sqq.
545 2746 634 2816 ibique
648 2744 743 2809 schot.;
768 2747 891 2817 Ephorus
937 2748 1004 2799 δαῖοι
1025 2748 1066 2800 καὶ
1089 2747 1184 2818 Κόλχοι
1205 2745 1247 2799 καὶ
1271 2745 1436 2798 Μοσσύνοικοι
1456 2744 1497 2798 καί
1513 2745 1601 2798 Κοῖτοι
1622 2746 1663 2799 καί
1680 2748 1722 2799 Τι-

103 2826 138 2880 ir.
162 2829 214 2892 82;
233 2828 360 2898 scymnus
380 2824 620 2896 9153Melal,19,
641 2841 686 2889 to;
698 2825 807 2896 Dionys.
825 2831 888 2896 767;
936 2826 1039 2896 δαρηνοί
1060 2826 1200 2898 αὗτόνομοι.
1221 2828 1258 2880 At
1276 2822 1416 2894 legendum
1435 2824 1522 2896 potius
1542 2824 1558 2890 l
1582 2823 1721 2891 Χαλδαῖοι,

102 2905 298 2977 Ν)ὀνμίιο(ίοτ.·
315 2905 349 2958 ir.
372 2907 403 2957 15
419 2907 430 2973 (
442 2907 486 2958 Pr.
508 2905 576 2956 Hist.
602 2914 668 2956 tom.
687 2905 725 2967 11,
748 2921 775 2974 p.
802 2905 873 2976 379)
881 2923 888 2969 ς
936 2907 990 2958 sive
1002 2907 1057 2958 hac
1068 2907 1250 2978 Xenophontis
1262 2905 1328 2970 sint,
1344 2906 1414 2968 sire,
1430 2915 1460 2957 ut
1472 2915 1551 2976 puto,
1569 2903 1666 2959 abalio
1676 2905 1722 2960 ad·

103 2987 174 3039 Plin.
193 2987 333 3050 XXXVII,
354 2989 397 3048 42.
935 2983 1000 3037 dita.
1022 2984 1108 3036 ίίοῖται
1127 2984 1232 3038 aliunde
1246 3003 1300 3038 non
1322 2986 1389 3037 noti.
1410 2984 1505 3053 Τάοχοι
1523 2981 1592 3053 conj.
1607 2983 1722 3038 Dindor-

142 3065 211 3132 588.
227 3064 355 3134 Chalybes
366 3073 426 3135 post
436 3063 581 3116 Tibarenos
593 3071 740 3116 memorant
758 3063 890 3134 Ephorus,
936 3061 995 3116 fitis.
1010 3061 1202 3132 corrigendum
1219 3075 1284 3132 puto
1303 3062 1390 3115 Χοΐτσι
1410 3063 1449 3115 vel
1468 3060 1571 3126 Xoira13
1588 3081 1625 3114 sc.
1641 3062 1722 3116 iidem

104 3143 263 3214 Apollonius
282 3141 410 3208 Rhodius,
435 3143 590 3212 Dionysius,
610 3141 692 3207 ldela,
715 3141 828 3207 Plinius,
848 3143 891 3196 alii
936 3143 1182 3214 suntquiHecaueo
1196 3139 1322 3194 dictantur
1331 3141 1414 3194 Xois.
1430 3139 1486 3207 Xoi,
1502 3139 1721 3194 inealrabitantea

14 3227 15 3230 ’
105 3224 153 3292 (ν.
178 3224 282 3291 §86);
304 3223 393 3274 minor
412 3232 452 3273 est
472 3238 614 3274 consensus
633 3220 667 3272 de
688 3219 788 3274 ditione
808 3224 891 3291 gentis
936 3223 1056 3292 regione,
1079 3239 1159 3292 quam
1171 3219 1263 3291 Scylax
1282 3229 1309 3272 et
1326 3223 1482 3291 Anonymus
1495 3219 1722 3286 Eeycbitiensibus

103 3303 185 3354 sertis
198 3301 325 3354 limitibus
343 3298 591 3354 circumscribenda.
604 3299 731 3372 Chalybes
742 3301 813 3353 cnim
825 3319 892 3354 nun·
937 3303 1057 3354 tribuunt
1076 3305 1113 3370 (ς
1130 3301 1193 3369 83).
1208 3300 1331 3352 Ceterum
1345 3298 1379 3352 de
1392 3298 1552 3370 Chalybibus
1570 3298 1625 3349 sive
1645 3297 1721 3350 Chal·

104 3399 186 3452 quiam
197 3381 224 3434 in
232 3397 286 3433 una
294 3379 437 3451 eademque
446 3381 651 3450 omnesregione
662 3380 791 3433 habitasse
803 3381 891 3434 viden·
936 3381 999 3434 dreis
1025 3379 1068 3434 adi
1092 3380 1184 3433 llitter.
1203 3376 1287 3432 Erat.
1309 3378 1351 3443 ΙΙ,
1373 3395 1400 3450 p.
1425 3394 1493 3448 7²73
1515 3375 1667 3446 Bernhardy
1687 3376 1722 3428 ad

105 3472 160 3524 tur,
172 3457 220 3512 sed
232 3477 278 3530 per
287 3470 367 3512 totam
380 3461 456 3514 Ponti
466 3477 540 3512 oram
553 3458 760 3524 meridionalem,
776 3477 824 3513 nec
837 3479 890 3514 non
937 3462 1017 3513 Dion.
1037 3460 1106 3529 7373
1125 3457 1219 3512 tuen.
1236 3457 1289 3520 111,
1309 3473 1343 3521 a,
1365 3475 1392 3527 p.
1413 3455 1475 3519 522,
1491 3465 1520 3508 ut
1538 3456 1640 3507 mittam
1657 3453 1722 3507 alios

105 3559 154 3612 per
176 3537 381 3594 mediterraneos
401 3542 468 3594 Asiae
491 3539 566 3611 llalyi
589 3540 670 3593 lluvio
691 3541 819 3610 proximae
839 3551 891 3594 tra-
936 3541 1073 3611 plurimos.
1101 3541 1114 3606 ΙΙ
1137 3569 1174 3580 -
1199 3535 1347 3601 Γενήτης
1372 3534 1500 3606 λιμιίν]
1525 3535 1655 3603 γενέσιντις
1682 3533 1721 3584 λι·

104 3630 164 3672 ctus
185 3620 221 3672 ita
234 3618 343 3690 dispersi
357 3629 447 3682 erant,
468 3627 498 3671 ut
512 3617 557 3672 ubi
579 3617 640 3670 lerri
661 3616 757 3670 lodinae
773 3629 799 3672 et
815 3618 893 3672 labri-
938 3619 987 3689 μήν
1001 3617 1101 3681 codex3
1117 3635 1169 3669 em.
1188 3615 1298 3668 Vossius
1311 3631 1326 3666 e
1347 3614 1498 3686 Stephano:
1514 3612 1630 3679 Γενήτης,
1645 3609 1721 3683 λιμὴν

104 3717 144 3750 cae
166 3709 355 3763 memorentur,
379 3699 415 3750 ibi
440 3699 518 3750 etiam
540 3696 667 3768 Chalybes
693 3696 892 3768 deprehendan·
936 3699 978 3750 καί
992 3698 1109 3769 ποταμός.
1129 3694 1293 3756 Ἀπολλώνιος
1312 3693 1387 3764 άιιραν
1402 3693 1536 3770 Γενηταίσιν
1557 3695 1623 3764 φησί.
1643 3692 1723 3761 Σορο·

106 3788 161 3830 tur.
180 3781 211 3830 In
226 3779 330 3850 Periplo
342 3787 433 3830 nostro
442 3785 600 3848 perangusta
619 3777 650 3828 iis
662 3778 807 3844 assignatur
821 3779 892 3847 regio
936 3778 997 3844 αλῆς
1023 3777 1134 3848 ποταμὸν
1157 3776 1250 3842 lisand
1269 3793 1351 3844 φησιν.
1376 3774 1476 3828 Plinius
1496 3773 1549 3836 VI,
1571 3776 1588 3835 4
1610 3773 1724 3825 Genetes

106 3855 362 3926 quadringentorum
375 3855 417 3908 vix
427 3854 582 3918 stadiorum,
598 3853 661 3907 inde
673 3873 688 3907 a
700 3855 800 3908 Genete
812 3857 892 3908 lluvio
937 3866 1061 3927 tanquam
1084 3866 1187 3925 gentem
1206 3854 1283 3925 juxta
1306 3853 1435 3924 Chalybes
1459 3862 1587 3905 memorat
1601 3868 1608 3904 ι
1629 3855 1723 3904 Grates

106 3934 302 4006 usqueleread
317 3935 553 3990 Thermodontem.
569 3933 669 3988 Eodem
693 3934 773 3986 modo
792 3937 892 4006 Diony·
937 3939 1108 3997 Genetaram,
1134 3934 1292 4005 ίίιαίρίνιιιιι,
1312 3933 1438 4006 oppidam
1458 3936 1612 4000 Cotyorum,-
1634 3943 1729 4007 genter

106 4017 161 4066 sius
173 4016 264 4068 statuit
277 4025 302 4068 et
316 4015 470 4086 Apollonius
489 4013 617 4067 Rhodius.
630 4013 713 4082 Magis
735 4016 812 4066 etiam
829 4015 892 4067 fines
941 4013 1073 4076 Tibareni,
1086 4012 1214 4082 Mossyni.
1224 4012 1344 4066 Fluvium
1354 4009 1432 4063 habet
1442 4009 1536 4062 Strabo
1544 4009 1607 4072 Xll,
1619 4026 1645 4078 p.
1659 4011 1720 4072 548:

107 4103 212 4146 coeroet
226 4098 359 4164 Anonym.
373 4093 468 4165 Peripl.
482 4095 550 4162 531,
565 4093 610 4164 qui
625 4092 754 4164 Chalybes
766 4093 892 4149 habitasse
938 4089 1002 4144 Eira
1020 4090 1086 4158 άλλη
1103 4091 1165 4162 ἄκρα
1182 4088 1302 4142 Ἰασόνιον
1317 4089 1357 4141 καί
1372 4087 1508 4154 dissime.
1524 4092 1657 4158 Anonym.
1675 4087 1722 4138 Pe·

106 4173 173 4225 dicit
193 4171 241 4225 ἀπο
266 4171 427 4242 Πολεμωνίου
453 4173 498 4232 ἕως
519 4171 625 4238 πλησίον
644 4175 687 4225 τοῦ
708 4171 889 4244 θερμώδοντος.
938 4171 997 4242 ripl.
1013 4173 1029 4239 ς
1048 4172 1106 4223 32:
1130 4168 1186 4221 Ἀπίν
1207 4168 1234 4220 hi
1258 4173 1301 4220 τοῦ
1324 4168 1341 4220 Γ
1343 4167 1429 4233 ενιίτου
1452 4169 1565 4237 ποταμοῦ
1586 4163 1619 4226 είς
1637 4165 1722 4216 Βοῶνα

107 4254 207 4304 Forsan
219 4251 270 4305 hoc
281 4269 314 4304 ex
325 4249 438 4304 Eudoxo
447 4253 533 4314 ilusit,
546 4269 624 4322 quem
634 4250 722 4304 laudat
730 4253 890 4324 Stephanus:
939 4248 1090 4319 ἀκρωτήριον
1103 4247 1143 4302 καί
1155 4248 1247 4316 χωρίον
1261 4247 1330 4299 στάδ.
1349 4245 1380 4298 α’.
1399 4245 1520 4298 'Erratis
1531 4242 1608 4315 λιμὴν
1623 4244 1721 4294 πάντων

107 4331 270 4392 Χάλυὸες,
281 4329 335 4399 περὶ
346 4330 389 4382 τὸν
403 4330 498 4382 Πόντον
511 4329 672 4401 ἔθνοςέπίτῷ
681 4337 784 4402 ποταμῷ
793 4331 894 4403 θερμώ-
939 4328 1036 4398 ἀνέμων
1056 4327 1097 4380 rai
1115 4328 1190 4397 ὅρμος
1206 4327 1299 4380 ναυσίν.
1323 4325 1368 4378 lile
1390 4325 1458 4378 Βοὼν
1478 4327 1576 4391 (Vana
1594 4321 1634 4373 rel
1650 4326 1722 4376 aazia

107 4410 185 4474 δοντι,
197 4411 252 4479 περὶ
259 4406 295 4462 ὧν
306 4408 408 4470 Εὔδοξος
416 4409 441 4462 ἐν
452 4413 487 4480 τῷ
496 4410 600 4480 πρώτῳ·
614 4432 624 4457 ι
636 4407 680 4461 Ἐκ
690 4409 715 4461 δὲ
725 4411 893 4476 τῆςίίαλύίων
938 4407 1002 4460 ίνοτί.
1026 4409 1036 4476 )
1054 4405 1165 4476 Scylacis
1182 4416 1221 4458 ast
1242 4401 1318 4478 λιμὴν
1339 4403 1457 4464 ιιλειστός.
1478 4405 1518 4454 De
1537 4403 1721 4473 promontorio

107 4489 317 4559 χώραςῦσίδηρος
331 4489 407 4559 impl
420 4487 450 4541 τὰ
462 4489 614 4558 οτομώματα
628 4487 799 4560 ἔπαινοίιμενος
810 4489 892 4561 ἔξάγε-
938 4487 1061 4559 Apollou.
1077 4487 1128 4539 llh.
1143 4487 1181 4549 ll,
1198 4503 1264 4556 ¹⁰⁰9
1278 4502 1285 4538 :
1299 4475 1430 4550 straminis
1444 4481 1499 4544 Διὸς
1507 4482 1582 4552 ἄκρην
1596 4480 1722 4551 γνάμψαν·

108 4589 156 4620 m.
174 4591 185 4617 ν
200 4567 384 4640 (EStcpltano
393 4585 441 4620 suo
452 4567 531 4620 habet
541 4567 661 4620 Eustath.
671 4567 703 4620 ad
717 4571 796 4622 Dion.
810 4571 891 4642 767.)
939 4587 978 4629 τες
986 4569 1068 4619 nuova
1081 4565 1153 4636 παρὲξ
1163 4565 1312 4636 Τιὸαρηνίόα
1324 4566 1408 4635 γαῖαν.
1419 4565 1456 4626 11,
1468 4563 1536 4632 378:
1551 4561 1629 4628 Ζηνὸς
1643 4559 1721 4620 ίίὺξεί-

107 4649 231 4719 Ephorus
242 4648 251 4718 (
261 4647 294 4700 ir.
311 4650 344 4701 82
355 4648 364 4719 )
375 4649 437 4700 item
449 4647 576 4717 Chalybes
588 4646 692 4718 ὁμόρους
704 4667 760 4701 esse
771 4649 834 4702 dicit
848 4651 893 4702 Ti·
939 4667 992 4699 νοιο
1006 4646 1140 4714 Γενηταίην
1159 4645 1217 4717 ὑπὲρ
1231 4645 1307 4716 ίίαρην
1315 4664 1323 4710 3
1337 4642 1418 4697 schol.
1432 4641 1468 4694 ibi
1483 4642 1603 4694 meminit
1620 4639 1722 4705 Γένητος

108 4728 305 4781 barenorumet
321 4729 545 4797 leucosyrorum,
566 4737 682 4780 ceterum
695 4745 740 4780 eos
758 4729 827 4781 inter
839 4747 893 4782 me·
941 4726 1019 4797 (sie)
1041 4729 1161 4796 ποταμοῦ.
1184 4729 1250 4794 44-
1270 4723 1465 4794 Σταμένεια]
1491 4718 1605 4791 'amasia'
1622 4719 1720 4782 codex,

108 4807 271 4860 diterraneos
285 4805 395 4878 populos
409 4817 525 4859 reeenset
552 4805 644 4859 οοάοιιι
666 4805 747 4860 modo
763 4825 817 4878 quo
835 4809 893 4878 lily·
938 4823 1008 4858 corr.
1018 4805 1180 4869 (lausenius,
1191 4812 1361 4874 assumptaex
1369 4799 1539 4854 antecedente
1549 4799 1719 4858 roteliterne,

108 4903 163 4949 sos,
188 4884 373 4956 Cappadoces,
397 4886 521 4956 Phryges,
544 4885 636 4957 Milyas
661 4885 712 4958 (ir.
734 4888 782 4951 8ο,
800 4886 894 4939 collato
939 4885 1084 4956 collatoque
1097 4885 1228 4948 Hecataeo,
1241 4885 1287 4953 qui
1300 4881 1426 4951 Σταμένην
1440 4880 1559 4933 Χαλὺὃιον
1575 4878 1646 4932 πόλιν
1656 4875 1722 4929 dicit

108 4965 221 5034 Scynrno
233 4963 307 5034 938).
320 4964 397 5035 Apud
411 4965 506 5018 lllelam
517 4967 551 5034 (l,
569 4964 612 5035 ¹9)
625 4964 752 5036 Chalybes
763 4967 894 5036 pertinent
940 4963 991 5032 (ir.
1011 4968 1060 5034 196
1070 4967 1090 5032 ).
1103 4966 1161 5031 11-
1177 4959 1200 5012 Ἰ
1209 4980 1284 5013 uuor
1294 4961 1342 5031 ία]
1359 4958 1452 5012 ἇσινεία
1465 4958 1564 5022 οοιίοιι,
1576 4975 1628 5009 erit.
1640 4957 1718 5008 Voss.

110 5041 241 5112 usquead
260 5043 479 5114 Paphlagoniam
502 5061 585 5098 nant:
608 5045 831 5116 Paphlagoniam,
856 5045 894 5096 in-
939 5043 1002 5096 Vid.
1025 5041 1173 5112 Xenophon
1187 5041 1273 5093 Aarab.
1288 5043 1345 5105 vl,
1360 5038 1519 5106 2('leen·rle
1537 5037 1614 5102 άατιί,
1632 5033 1719 5100 bauai

14 5165 15 5168 .
108 5124 174 5192 quit,
182 5121 251 5192 finit
261 5126 371 5176 Armene
383 5148 391 5185 ,·
405 5124 526 5195 Chalybes
536 5123 655 5196 proximi
667 5124 829 5176 clarissimas
849 5123 894 5174 lra-
943 5123 1019 5194 Ἀργὼ
1033 5123 1131 5192 λέγεται
1144 5120 1290 5191 ὁρμίσασθαι
1305 5123 1325 5190 );
1342 5119 1434 5175 Strabo
1444 5119 1461 5171 l.
1478 5119 1499 5183 ί,
1516 5119 1632 5177 Arriam,
1651 5119 1720 5168 huu-

216 5223 303 5266 ceoan,
477 5233 481 5238 ·
1344 5221 1347 5224 ’
1600 5217 1613 5252 ο
