3775 5750
172 288 229 339 trs
885 264 1066 328 ANONYlll

210 430 245 467 ιιι.
269 404 332 465 ’riri
356 402 503 481 Ἀμμωνίου
527 404 624 477 Πηγῶν
639 403 673 467 εἷς
694 400 874 477 λῦτομοίλακιι
888 400 952 459 arai·
1032 406 1076 457 83.
1098 402 1139 456 Αίι
1161 401 1295 455 Αιιιιιιοιιίί
1318 399 1435 454 lontibus
1457 399 1491 452 ad
1509 400 1683 453 Automatam
1706 402 1792 455 stadia

171 499 219 553 διοι
235 496 287 574 prr'.
1001 494 1060 544 180.

211 604 246 641 st.
276 580 339 641 ’riui
353 578 551 655 Αὐτομσλοίκων
566 576 610 634 iul
622 576 759 637 Φιλαίνοιν
772 574 876 653 βωμοὺς
889 574 952 635 ara'·
1034 582 1078 641 tt.
1104 578 1146 632 tib
1166 576 1342 630 Automalacis
1363 575 1397 629 ad
1418 574 1598 629 Philaenorum
1619 593 1681 628 aras
1706 576 1793 628 stadia

171 673 220 727 διοι
235 670 302 750 ρπε’·
323 668 401 747 ὅρμος
418 667 474 723 ἐστὶ
495 665 590 745 θερινὸς
611 665 706 737 καλὸς,
730 664 775 723 καὶ
800 663 870 744 ὕδωρ
885 662 951 745 ἔχει.
1001 664 1606 737 1855statioibiperaestatempulmetaquae
1616 664 1709 735 copia
1750 665 1795 717 Ad

171 878 279 921 nicatur
294 865 340 919 Bir
358 864 383 917 el
395 862 510 927 adacter,
525 864 543 916 i.
558 880 583 915 e.
595 862 952 935 puteasbeatus,aquaexi·
996 864 1067 917 aliud
1084 864 1212 936 quiddam
1229 864 1327 918 luerint
1346 865 1586 917 Philaenorumarae
1602 867 1794 934 (qumquam
1863 909 1864 932 ,

171 948 239 1011 miae,
247 946 290 998 cui
300 944 420 997 imminet
428 952 591 1013 praeruptum
600 940 666 993 latus
676 940 748 993 collis
756 942 869 995 arenosi.
883 946 954 995 νΑιιι
997 962 1029 997 ex
1048 944 1134 997 arenis
1148 942 1227 997 luisse
1244 945 1345 998 Plinius
1363 942 1430 995 dicit
1445 944 1481 1008 V,
1496 947 1513 1005 4
1526 946 1548 1011 ),
1571 952 1602 996 ut
1620 942 1680 1013 jam
1694 944 1796 995 Strabo
1863 941 1864 960 ¹

171 1028 251 1077 lasse
260 1027 332 1078 einer
337 1024 435 1094 jaben,
446 1041 510 1092 ganz
518 1022 618 1087 steilen,
629 1022 736 1073 weissen
744 1019 902 1086 Sandwand,
911 1022 955 1075 die
997 1039 1025 1093 p.
1042 1039 1089 1092 171
1108 1040 1114 1075 :
1132 1022 1207 1084 Ἐόος
1217 1022 1265 1093 γὰρ
1281 1021 1387 1076 ταλαιδν
1396 1022 1491 1091 ίικῆρχε
1505 1022 1534 1074 τίν
1543 1022 1654 1073 albeolae
1663 1021 1795 1084 τοιούτους

171 1105 216 1156 ίίιιι
232 1102 311 1174 jeden
330 1100 493 1172 Augeublick
512 1120 544 1155 zu
557 1100 724 1153 verschr'rtteu
736 1098 841 1165 drohte,
858 1096 954 1154 landen
997 1101 1077 1171 όρονς,
1094 1102 1235 1171 καθάπερ...
1250 1101 1292 1154 καί
1305 1101 1467 1153 etenum
1481 1100 1615 1171 λεγόμενοι
1629 1101 1718 1170 βωμοὶ
1730 1102 1795 1151 κατὰ
1863 1125 1864 1138 ν

170 1185 219 1235 uir
230 1185 306 1235 einen
317 1184 442 1235 brunnen
453 1179 649 1234 rortrellliclren
656 1180 794 1243 Wassers,
805 1180 830 1231 el
837 1182 953 1245 uncto,
999 1182 1076 1251 pieqr
1088 1200 1136 1235 aaa
1149 1179 1194 1245 τὴν
1204 1180 1294 1251 μεταῖυ
1304 1186 1353 1233 τῶν
1364 1180 1474 1251 Σόρτιων
1487 1182 1498 1247 (
1508 1180 1560 1232 hoc
1573 1197 1731 1251 perperam,
1742 1182 1794 1231 nisi

170 1262 218 1313 der
239 1260 407 1331 glrickselige,
427 1270 553 1329 genennt.
572 1284 584 1305 ι
608 1260 709 1311 Βιιιτιι,
729 1275 756 1328 p.
773 1259 835 1328 347.
858 1262 956 1313 lluiaas
999 1260 1061 1315 sort.
1074 1262 1102 1313 in
1112 1264 1208 1331 Magna
1221 1263 1289 1331 Syrti
1304 1260 1430 1329 distingui
1444 1260 1556 1313 voluerit
1572 1261 1665 1330 Syrtin
1679 1260 1795 1311 Cartha

170 1359 225 1393 non
237 1341 313 1411 longe
327 1340 360 1391 ab
373 1357 405 1391 eo
417 1336 519 1391 dissitus
529 1348 602 1393 notat
613 1336 756 1406 Smxtlrius.
999 1340 1143 1407 giniensem
1158 1350 1183 1392 et
1198 1342 1286 1410 Syrtin
1298 1341 1484 1411 cyrenaicam
1501 1338 1557 1391 lieri
1568 1340 1650 1390 etiam
1663 1348 1754 1409 potest
1763 1351 1795 1391 ut

117 1442 120 1449 ·
206 1424 221 1487 S
244 1426 287 1474 8³.
306 1416 538 1488 Αὐτομάλακα]
556 1414 731 1486 Αὐτομόλακας
746 1415 804 1485 (sic)
818 1415 890 1478 δαίς
901 1434 954 1470 cm.
999 1421 1123 1491 Agrippa
1136 1420 1238 1473 tabulas
1255 1419 1455 1491 geographicas,
1468 1418 1679 1486 Peucingerianae
1693 1429 1796 1470 nostra*

171 1498 239 1551 tiail.
256 1498 296 1551 Cl.
315 1498 405 1568 Stcph.
428 1499 489 1567 Byz.
516 1514 522 1547 :
548 1495 722 1565 Αὖτομάλακα,
745 1496 837 1564 χωρίον
857 1496 955 1561 Διόιίης.
1001 1501 1104 1569 (quam
1116 1497 1200 1567 vide)
1214 1498 1322 1563 similes,
1339 1508 1400 1550 aute
1421 1496 1510 1549 ocutos
1524 1496 1659 1550 habitarit.
1684 1498 1796 1548 Rectius

171 1577 342 1647 ὁΠολυίστωμ
355 1575 380 1628 ἐν
395 1576 473 1646 τρίτῃ.
501 1572 683 1643 Ἀπολλόδωρος
703 1572 729 1625 δὲ
743 1572 874 1643 Αὐτόμαλα
886 1574 956 1643 φησί.
999 1577 1087 1631 locum
1103 1576 1249 1649 indicat-p,
1270 1579 1322 1632 836
1335 1577 1379 1649 ),,,
1399 1575 1473 1629 Ἀλλὰ
1486 1576 1528 1630 καί
1545 1577 1602 1636 τοὺς
1621 1576 1716 1636 τόπους
1731 1576 1796 1637 εἰκός
1863 1583 1864 1586 ’

172 1656 250 1727 rlpud
261 1657 430 1711 Ptolemaeum
439 1664 478 1707 est
489 1652 639 1723 Αίιτομάλαξ
650 1652 772 1723 φρούριον.
789 1655 878 1721 Quare
891 1654 957 1705 Met-
1001 1656 1052 1709 ἔστι
1065 1655 1263 1728 μιταλαμόόνιιν
1280 1654 1326 1721 τὴν
1344 1653 1419 1722 ababa
1431 1656 1609 1727 προσηγορίαν,
1622 1654 1668 1706 καί
1683 1655 1795 1726 μάλιστα

172 1736 265 1787 nultius
283 1734 317 1788 ad
336 1736 373 1787 Sl.
393 1736 423 1785 ll.
443 1742 518 1803 puldl
535 1730 699 1801 Αὖτομάλακα
714 1730 825 1782 formum
850 1726 958 1779 sortasse
1001 1734 1098 1789 ἰςηςδᾶν
1113 1735 1129 1788 ὁ
1143 1736 1233 1806 χρόνος
1254 1736 1380 1807 διαφθείρῃ
1392 1735 1448 1796 τοὺς
1468 1736 1578 1795 τεθέντας
1595 1736 1682 1805 ὅρους·
1700 1734 1732 1785 οὗ
1747 1736 1794 1805 μὰρ

172 1834 227 1866 csse
243 1814 451 1867 commentitiam
472 1822 498 1865 et
520 1828 609 1865 errore
627 1810 762 1880 scriptoris
782 1816 886 1870 uatum,
911 1806 958 1875 qui
1001 1818 1044 1866 οὓς
1056 1814 1080 1867 οι
1091 1814 1218 1867 Φιλαίμων
1232 1815 1315 1885 βωμοὶ
1327 1816 1450 1883 μένουσιν,
1464 1813 1522 1865 ἀλλ’
1542 1811 1556 1864 ό
1570 1814 1646 1874 τόπος
1659 1814 1795 1883 μετείλῃςε

172 1894 244 1965 apud
258 1892 449 1954 Alexandrum,
465 1908 542 1961 quem
556 1900 710 1952 antestatur,
721 1888 898 1941 accusativum
910 1883 958 1936 λίι-
1001 1892 1046 1957 τὴν
1055 1895 1231 1965 mmm,
1242 1893 1381 1963 Ejusmodi
1387 1892 1536 1945 reminisci
1544 1893 1619 1961 quast
1629 1891 1747 1961 ἕρμιοςς
1756 1896 1796 1945 iu.

173 1960 303 2043 τομάλακα
320 1974 392 2025 πόλιν
416 1971 506 2039 legisse
525 1968 652 2022 rideatur.
679 1970 802 2021 Formam
825 1964 959 2034 Αὗτόμαλα
1002 1971 1463 2043 ὴωωῃῃρςῑωχωῇῃςοήχῑω
1471 1970 1608 2041 quomodo
1617 1974 1644 2023 in
1653 1972 1795 2025 historiam

173 2054 251 2105 habet
269 2056 347 2105 etiam
360 2049 546 2105 Eratosthenes
560 2066 604 2120 ap.
615 2048 771 2101 Strabonem
784 2064 812 2117 p-
831 2046 878 2098 123
892 2062 898 2097 :
911 2045 960 2110 Τῆς
1002 2050 1177 2116 traduxerint,
1190 2061 1292 2105 constat
1305 2070 1338 2103 ea
1349 2052 1464 2104 romanis
1475 2050 1660 2121 scriptoribus,
1672 2052 1797 2103 Sallustio

174 2131 292 2201 Μεγάλης
306 2132 414 2202 Σύρτεως
425 2147 497 2199 φησιν
517 2126 714 2197 Ἐρατοσθένης..
736 2124 822 2180 εἶναι..
843 2124 872 2177 τ“ο
888 2125 961 2193 βάθος
1003 2130 1030 2181 ίιι
1042 2132 1104 2198 lug.
1120 2147 1144 2181 c.
1159 2148 1203 2199 79,
1216 2128 1284 2182 Mela
1304 2132 1331 2193 1,
1348 2138 1404 2199 7et
1423 2130 1538 2180 variante
1553 2126 1587 2180 ab
1608 2127 1651 2179 his
1671 2130 1795 2181 nonnihil

175 2211 266 2279 χιλίων
280 2210 431 2262 ὀκτακοσίων
446 2208 486 2277 ἀφ’
510 2204 660 2276 Ἐσπερίδων
680 2204 869 2275 είςλίιτόμαλα.
885 2203 960 2256 Idem
1003 2210 1109 2261 Valerio
1130 2212 1202 2263 Max.
1222 2212 1258 2274 V,
1277 2213 1310 2280 δ,
1329 2213 1356 2273 ό.
1371 2206 1474 2275 Quodsi
1488 2208 1700 2260 lraecePunicis
1721 2209 1796 2260 libris
1863 2233 1864 2240 ν

173 2308 200 2361 p.
219 2292 269 2343 836
287 2306 294 2341 :
308 2288 363 2341 Εἶθ’
376 2288 400 2341 ol
414 2286 541 2339 Φιλαίνων
557 2286 690 2357 liupdrud
703 2285 764 2355 μετὰ
775 2285 874 2345 τούτους
885 2282 961 2336 ttae
1003 2287 1155 2353 traduntur,
1169 2299 1200 2340 ut
1217 2288 1331 2353 videtur,
1342 2306 1439 2341 nomen
1452 2286 1642 2350 Philaenorum,
1653 2286 1732 2356 quod
1740 2288 1794 2356 jam

175 2368 257 2437 μαλα,
272 2368 385 2438 φρούριον
397 2363 508 2437 φυλακὴν
522 2365 592 2435 ἔχον,
604 2365 731 2435 ἱδρυμένον
743 2362 860 2415 κατὰτδν
876 2362 957 2433 μυχίιν
1003 2368 1094 2438 Scylax
1111 2368 1196 2433 noxit,
1216 2384 1248 2419 ex
1269 2368 1370 2420 Punico
1390 2366 1430 2419 rel
1453 2383 1558 2417 versum
1575 2364 1616 2416 rel
1634 2378 1795 2436 con-uptam

174 2450 218 2499 τοῦ
231 2446 324 2500 κόλπου
333 2448 432 2507 παντός.
445 2446 566 2498 Meminit
579 2446 658 2497 etiarn
678 2444 704 2495 in
723 2443 839 2513 Ophettae
852 2442 961 2495 historia
1004 2457 1043 2498 est
1054 2450 1064 2513 (
1074 2448 1156 2499 Solia.
1167 2466 1192 2499 c.
1207 2448 1241 2501 30
1252 2462 1258 2498 t
1271 2446 1397 2499 attilanis
1399 2444 1536 2513 frutribus
1545 2462 1563 2495 a
1571 2443 1662 2495 tondes
1670 2446 1796 2516 cupidine

175 2524 309 2578 Diodorus
321 2526 382 2587 XX,
395 2528 439 2587 ίι,
455 2541 481 2587 a,
493 2524 539 2575 ubi
551 2522 673 2594 Ophellas
684 2520 793 2591 ejusque
804 2522 867 2573 socii
882 2523 960 2591 Cyre·
1005 2525 1116 2577 Graiam
1127 2543 1249 2577 aeramen
1263 2522 1355 2575 dutum
1368 2527 1388 2591 i.
1400 2524 1523 2575 Cetmum
1535 2520 1569 2573 de
1581 2521 1623 2573 bis
1632 2525 1689 2573 aris
1700 2536 1795 2593 praeter

175 2606 324 2677 neprolecti
334 2604 480 2658 octodecim
488 2602 591 2655 dicrum
601 2604 693 2655 itinere
703 2602 840 2662 διελθόντες
851 2602 963 2661 σταδίους
1006 2604 1123 2658 laudatos
1132 2604 1167 2657 cl.
1176 2604 1299 2657 Pliniusl.
1310 2603 1341 2667 l.,
1351 2604 1461 2655 Orosius
1468 2605 1491 2667 I,
1501 2619 1527 2665 ιι,
1539 2602 1669 2654 AEtbicus.
1681 2619 1711 2673 p.
1724 2605 1773 2672 7³¹
1787 2624 1792 2654 :

174 2686 324 2754 τρισχιλίους
333 2684 521 2749 κατεσκήνωσαν
536 2682 591 2751 arpi
605 2680 737 2751 Αὐτόμαλα
750 2682 805 2753 (sic
818 2680 905 2744 editt.;
915 2680 961 2731 tt·
1005 2684 1088 2753 Libya
1101 2682 1260 2753 Cyrenaica..
1274 2681 1399 2753 usquead
1410 2700 1473 2734 aras
1484 2681 1661 2734 Philaenorum
1676 2683 1793 2733 extradi-

175 2764 285 2832 τομόλας
299 2762 378 2816 codd.
391 2764 411 2831 ).
432 2761 474 2814 nb
495 2762 546 2813 boc
557 2760 662 2812 castello
682 2778 735 2812 non
754 2758 887 2812 diversum
907 2777 963 2811 csse
1006 2773 1059 2827 tur,
1075 2773 1102 2815 et
1114 2779 1141 2833 p.
1164 2778 1233 2831 γυ,
1248 2761 1295 2813 ubi
1311 2762 1381 2814 inter
1394 2759 1492 2831 oppida
1514 2770 1668 2812 recensetur
1687 2761 1793 2817 Filena

176 2842 313 2896 Anabucis
330 2839 487 2914 praesidium
498 2838 606 2892 Tabulae
627 2840 833 2907 Peutingcrianae
846 2848 872 2890 et
884 2840 963 2890 Itine-
1004 2840 1105 2895 Tabula
1122 2858 1229 2913 quoque
1243 2842 1319 2894 Peut.
1342 2850 1470 2893 memorat
1485 2858 1543 2892 aras
1558 2838 1609 2892 Ph.
1631 2838 1794 2894 assultu

176 2923 253 2986 rarii,
278 2920 388 2974 suadere
410 2919 514 2972 videtur
531 2920 600 2973 ratio
617 2917 815 2984 distantiarum,
830 2936 912 2989 quum
928 2919 963 2972 ad
1007 2921 1126 2974 Anabuci
1141 2921 1281 2985 distantes;
1296 2920 1368 2973 idem
1382 2919 1546 2972 intervallum
1560 2919 1586 2970 in
1601 2919 1747 2973 itinerario
1758 2934 1792 2972 est

176 3018 233 3054 aras
246 3000 422 3054 Philaenorum
430 2997 464 3050 ab
474 2996 620 3051 Automalis
628 2995 703 3066 juxta
714 3015 788 3050 oraru
805 2999 853 3051 185
868 2997 961 3062 stadia,
1005 3000 1039 3052 ab
1054 3001 1186 3056 Anabucis
1196 2999 1230 3053 ad
1242 3000 1330 3052 locum
1341 2997 1529 3060 Beaadad-ari,
1541 3000 1569 3050 in
1581 3016 1636 3068 qno
1655 2999 1738 3051 latere
1750 3019 1793 3051 no

177 3079 210 3132 ab
223 3079 356 3133 Anabucis
369 3076 491 3149 prasidio
504 3078 536 3129 25
547 3076 611 3128 mitt.
626 3078 680 3128 sire
689 3093 742 3131 noo
751 3075 833 3129 stadia
846 3079 963 3130 terrestri
1007 3097 1067 3130 men
1077 3097 1181 3132 amram
1188 3080 1316 3132 Punicum
1327 3078 1502 3149 suspicantur.
1511 3075 1591 3144 Quod
1607 3078 1704 3129 attinet
1718 3080 1793 3148 ὅρμον

178 3159 270 3211 itinere
281 3176 336 3210 esse
350 3155 505 3228 prodantur.
519 3159 553 3210 At
567 3173 650 3226 quum
668 3155 702 3208 de
722 3157 814 3208 ceteris
834 3153 964 3209 distantiis
1007 3169 1033 3210 ct
1046 3157 1208 3229 ἀκρωτήριον,
1223 3156 1314 3210 confer
1328 3157 1460 3227 Scylacem
1475 3175 1504 3227 p.
1518 3155 1569 3220 85,
1581 3155 1629 3208 ubi
1644 3155 1731 3208 codex
1748 3176 1755 3208 ι
1770 3159 1792 3210 ἓν

177 3257 231 3290 uon
248 3239 283 3290 sit
297 3255 450 3300 cortsensus,
469 3253 562 3306 parum
581 3234 622 3288 lris
636 3234 716 3288 fidere
733 3235 801 3287 lioet.
816 3235 895 3302 Quod
915 3255 963 3289 no·
1007 3242 1042 3308 τῷ
1050 3235 1189 3306 κοιλοτάτῳ
1206 3241 1249 3302 τῆς
1259 3233 1386 3306 Σύρτιδος,
1400 3234 1471 3306 ἓντῷ
1484 3240 1565 3306 μυχῷ,
1580 3234 1693 3286 Φιλαιοῦ
1703 3238 1791 3306 {3me.

178 3319 251 3370 mina
262 3317 365 3380 attinet,
383 3315 559 3368 Autonralacn
571 3313 874 3384 νοίλῦτομάλαξίοιι.
885 3314 965 3369 fucrit
1008 3315 1112 3368 ἐπίνειον
1139 3315 1271 3386 ’λμμουνες
1291 3315 1366 3376 ἁλοῦς
1389 3318 1432 3380 τῆς
1454 3314 1576 3384 Σνρτίδος.
1601 3316 1634 3364 ln
1656 3319 1793 3384 postremis

178 3394 345 3458 ait-malach,
356 3413 419 3464 gens
429 3399 665 3464 τοριχευτιῖινςιιιιιιι
676 3413 729 3456 αντ,
741 3395 834 3446 euroin
843 3393 965 3464 plurimis
1008 3395 1105 3448 trustra
1117 3394 1281 3448 desudarunt
1294 3396 1457 3464 interpretes,
1473 3391 1651 3464 quibusadde
1663 3394 1793 3447 Millerum
1863 3382 1864 3469 ί

178 3475 270 3546 libycis
281 3473 399 3526 locorum
412 3473 565 3526 nominibus
584 3491 639 3526 esse
657 3473 773 3544 lybicum
785 3473 826 3525 ar't
840 3475 850 3541 (
863 3473 960 3536 tribus,
1008 3475 1034 3526 in
1050 3464 1129 3541 dloge
1142 3474 1173 3525 de
1190 3473 1216 3525 ία
1230 3473 1470 3539 ίλεινίιιντ<Ραιίε
1484 3474 1611 3541 1840)p.
1629 3489 1676 3536 ar,
1692 3473 1740 3525 ubi
1750 3473 1793 3542 legi
1863 3482 1864 3519 3

177 3552 489 3622 geas)dooetllloversl.
500 3553 517 3605 l.
533 3570 560 3623 p.
575 3553 781 3622 ίιμοςταριχτίας
792 3570 855 3604 vero
869 3554 894 3604 in
905 3555 966 3624 Syr·
1010 3554 1075 3608 νιιίι.
1152 3553 1383 3624 ἐπίνειονδίίμισός
1397 3552 1448 3605 ἔστι
1462 3551 1538 3613 πλοῦς
1552 3571 1575 3604 r.
1596 3552 1690 3620 Σ.(σι
1702 3553 1794 3606 docnt
1863 3562 1864 3617 ί

180 3633 249 3685 tibus
261 3631 387 3684 habemus
402 3631 558 3702 complures.
576 3632 616 3684 Cl.
629 3643 685 3684 not.
698 3631 732 3683 ad
746 3635 761 3698 S
773 3633 966 3700 91.Anabuct's
1008 3633 1123 3686 dimidiu
1132 3633 1215 3703 Syrtis
1221 3631 1478 3706 preteruavigatio),
1486 3629 1558 3701 quod
1568 3629 1792 3684 dicendumerat:
1863 3646 1864 3651 ’

180 3729 242 3764 vero
266 3711 354 3764 nesu'o
367 3728 401 3762 an
415 3709 495 3763 suerit
516 3709 589 3762 locus
610 3710 748 3771 Art-tuchi,
767 3711 895 3781 Aptucbt'
907 3716 965 3784 Ap-
1010 3712 1115 3774 είςδνοί
1132 3714 1177 3774 ἕως
1189 3706 1232 3777 οὕς
1249 3722 1276 3764 at
1289 3709 1323 3764 de
1335 3712 1465 3762 mensuris
1480 3721 1569 3782 postea
1579 3709 1691 3764 demum
1706 3714 1793 3783 Scylax

180 3789 250 3841 tondi
263 3791 273 3856 (
286 3789 313 3840 in
325 3787 464 3858 quihusua
476 3798 559 3858 etap.
572 3798 688 3852 natm,
700 3786 850 3860 puter)dei
862 3789 964 3861 Libyci,
1009 3793 1127 3863 loquitur
1145 3790 1225 3861 idque
1239 3792 1274 3842 ita
1288 3799 1316 3842 ut
1330 3789 1397 3843 latus
1415 3790 1498 3860 Syrtis
1516 3789 1643 3842 orientale
1663 3791 1793 3860 usquead

180 3866 247 3920 adeo
260 3867 331 3919 utin
352 3865 498 3918 Ari-ultricis
517 3865 593 3918 lateat
608 3867 781 3930 Aru-abtucis,
797 3885 859 3933 gens
874 3880 965 3942 ap-tu-
1010 3889 1068 3924 aras
1078 3873 1113 3923 sit
1131 3869 1213 3923 tridui
1226 3879 1253 3922 et
1266 3868 1396 3932 trinoctii,
1411 3867 1478 3920 latus
1492 3866 1653 3920 oocidentale
1665 3885 1752 3937 usque
1765 3867 1794 3920 ad

180 3945 223 3997 ctn'
242 3947 381 4016 (utsupra
401 3949 415 4014 ς
430 3945 462 3997 65
480 3949 628 4008 Aru-ustor,
651 3963 714 4014 gens
737 3945 837 3998 Asteris
850 3945 874 4017 );
896 3957 968 4000 certe
1010 3953 1110 4003 Leucas
1132 3951 1217 4019 (quas
1228 3948 1304 4019 juxta
1319 3948 1369 4002 Pb.
1386 3965 1444 4002 aras
1457 3950 1609 4016 memorat)
1623 3947 1761 4017 quatridui
1772 3959 1795 4000 ct

181 4025 289 4077 nomina
299 4025 393 4078 similia
405 4025 529 4078 Abatucu
545 4027 554 4090 (
569 4024 636 4078 Plin.
650 4026 683 4088 V,
695 4029 733 4090 lq
750 4042 793 4095 ap.
804 4024 902 4078 Christ.
913 4044 966 4079 scr.
1010 4028 1190 4098 quatrinoctii.
1212 4027 1364 4096 legendum
1381 4037 1443 4079 ast:
1464 4025 1490 4079 ir
1510 4025 1537 4078 δὲ
1551 4030 1589 4095 τῷ
1606 4025 1748 4097 κοιλοτάτῳ
1758 4032 1796 4092 τῆς

181 4109 304 4176 Aptuca,
320 4107 478 4177 Aptunga),
494 4103 609 4166 Τιισιιόιι,
630 4107 725 4167 Tucca,
739 4113 789 4156 etc.
802 4104 836 4157 ad
848 4106 968 4176 Aptuclri
1011 4107 1125 4176 Σνρτίδος
1141 4103 1186 4174 (lx
1196 4111 1233 4176 τῷ
1253 4109 1326 4176 μυχῷ
1337 4105 1397 4172 ὅλης
1408 4108 1452 4170 τῆς
1463 4103 1579 4175 Σόρτιδος
1591 4103 1600 4174 )
1614 4103 1740 4156 Φιλαίνου
1753 4106 1796 4174 βω
1863 4150 1864 4159 ,

181 4183 224 4236 dei
237 4202 334 4238 nomen
352 4194 456 4236 revocat
475 4186 580 4236 Morere
599 4201 626 4254 p.
640 4185 702 4236 365.
719 4185 842 4236 Ceterum
861 4183 968 4239 videant
1012 4186 1072 4257 μδς,
1096 4187 1201 4240 ἐπίνειον
1226 4185 1363 4255 Ἄμμωνος.
1388 4185 1522 4238 Nimirum
1544 4183 1623 4237 rerba
1645 4183 1794 4237 inclusam
1863 4162 1864 4249 ί

181 4261 275 4315 barum
285 4279 375 4315 rerum
386 4262 531 4332 peritiores.
546 4261 661 4331 Vestigia
678 4259 908 4316 Automalacorum
923 4282 967 4316 ex·
1013 4268 1130 4335 margine
1140 4267 1168 4318 in
1177 4263 1299 4317 ordinem
1308 4264 1451 4318 verborum
1462 4263 1529 4316 male
1541 4264 1716 4334 irrepserunt,
1725 4265 1794 4316 sicuti
1863 4278 1864 4311 ι

85 4399 87 4402 ,
182 4349 250 4393 stare
259 4359 312 4394 non
323 4340 455 4394 videntur.
1015 4363 1045 4397 ca
1056 4344 1195 4414 dequibus
1209 4343 1325 4396 diximus
1335 4362 1416 4415 snpra
1426 4361 1454 4414 p.
1469 4343 1532 4406 451.
1549 4345 1724 4396 Aminouium
1740 4345 1795 4413 Syr-

219 4423 292 4488 584.
305 4413 473 4472 Φιλαίνων
490 4419 631 4490 βωμούς]
645 4419 768 4490 Φιλιίμων
787 4421 893 4490 βωμούς,
907 4424 921 4488 §
934 4422 968 4475 tt
1013 4423 1075 4477 tidis
1088 4422 1170 4476 modo
1183 4422 1481 4494 vidimus§82.Scylax
1490 4423 1663 4476 Ammontem
1675 4421 1794 4474 mediter-
1863 4466 1864 4481 ς

184 4497 232 4552 dab
245 4499 368 4569 Φιλήμων
384 4497 480 4568 βωμούς
504 4496 602 4569 (sic),§
622 4513 656 4566 92
670 4496 717 4550 dub
736 4498 867 4552 Φιλίππων
883 4499 969 4570 βωμοῦ
1014 4519 1123 4555 raneurn
1142 4500 1249 4572 aliquod
1273 4503 1302 4553 in
1325 4501 1428 4573 Syrtide
1449 4520 1519 4573 pone
1543 4501 1724 4554 Philaenorum
1744 4520 1795 4552 aras

184 4577 282 4642 codex,
303 4577 370 4630 adeo
392 4589 423 4630 ut
443 4579 543 4630 nescias
563 4595 597 4629 an
617 4587 709 4630 auctor
727 4579 811 4648 βωμόν
823 4597 857 4630 an
871 4579 969 4648 βωμούς
1013 4583 1134 4634 statuisse
1144 4579 1348 4651 ridetur3qu0d
1357 4581 1619 4651 quidemaveterum
1631 4581 1794 4651 quorundam

184 4657 291 4710 dixerit.
304 4657 458 4712 Ptolemaeus
472 4657 611 4710 :tltrlalrou
625 4658 705 4728 βωμοί
713 4667 739 4710 et
750 4657 870 4710 Φιλαίνου
884 4661 967 4727 aaut,
1015 4660 1143 4712 sententia
1152 4676 1206 4710 non
1219 4658 1354 4711 abhorret.
1366 4662 1401 4711 V.
1414 4661 1492 4712 Voss.
1506 4658 1550 4712 ad.
1560 4659 1658 4711 Melam
1670 4660 1697 4722 1,
1713 4661 1729 4711 8
1743 4661 1792 4710 init.

185 4737 224 4807 ὕφ’
238 4739 268 4804 ἣν
278 4737 301 4788 oi
320 4737 448 4808 ὁμώνυμοι
467 4737 557 4807 βωμοί,
572 4738 638 4806 όριον
657 4741 700 4803 τῆς
717 4736 834 4808 Ἀφρικῆς.
847 4737 971 4809 Polybius
1018 4740 1029 4807 ΙΙ
1041 4769 1077 4778 -
1091 4739 1213 4789 στάδιοι
1233 4737 1321 4809 prer']
1341 4740 1380 4791 sie
1397 4738 1495 4803 coderi;
1509 4737 1562 4808 ρκν’
1576 4755 1668 4808 apogr.
1691 4739 1792 4790 Iriartis.

186 4819 255 4884 (Ill,
271 4818 316 4886 39,
330 4833 355 4868 ν.
369 4818 405 4880 X,
421 4820 465 4882 Ιςο,
479 4819 517 4885 7)
530 4834 635 4886 quoque
651 4816 772 4868 Φιλαίνου
787 4817 884 4888 βωμοίις
894 4817 969 4871 dicit.
1015 4817 1106 4888 Itaque
1124 4835 1208 4888 quum
1227 4835 1242 4869 a
1262 4816 1379 4871 fontibus
1394 4818 1542 4872 Ammoniis
1557 4817 1567 4889 (
1581 4818 1630 4870 tn'r
1642 4817 1668 4869 τί
1688 4818 1793 4873 Bechcrt

186 4898 216 4947 In
233 4895 337 4966 Scylace
350 4893 434 4948 codex
447 4895 525 4946 habet
545 4911 551 4946 :
570 4893 677 4946 Φιλαιοῦ
693 4895 785 4965 βωμός.
795 4897 893 4948 Ceteris
909 4907 971 4950 sunt
1015 4898 1068 4950 sint
1090 4898 1141 4951 365
1164 4895 1257 4961 stadia,
1281 4899 1359 4951 statio
1379 4899 1556 4952 Philaenorum
1580 4909 1660 4969 atque
1678 4917 1793 4970 promou-

187 4973 314 5027 Φιλαίνων
330 4975 419 5045 βωμοί.
440 4973 506 5025 stus
524 4971 603 5025 luisse
616 4983 710 5044 putant
722 4973 866 5045 paullulum
881 4993 971 5029 versus
1016 4977 1115 5028 torium
1126 4975 1248 5047 ponenda
1264 4975 1369 5028 suntad
1381 4980 1435 5029 lias
1448 4977 1565 5046 Liaous,·
1574 4977 1656 5048 idque
1666 4988 1736 5030 recte
1746 4980 1791 5031 lieri

187 5070 307 5104 octasum
316 5051 351 5106 'ab
360 5051 489 5105 hodierno
497 5051 615 5113 Mtdtar,
628 5051 672 5104 ubi
680 5070 752 5105 nunc
761 5053 825 5105 lines
834 5055 972 5123 regionum
1017 5053 1129 5124 probare
1150 5054 1272 5107 videntur
1295 5066 1432 5125 sequentes
1455 5055 1599 5119 distantia,
1620 5073 1681 5125 quae
1702 5057 1791 5108 sibene

188 5136 247 5202 Syr!
269 5141 295 5184 et
313 5132 399 5184 Hurln
421 5129 538 5202 lapidum
560 5131 672 5185 cumulis
697 5131 855 5186 indicantur.
881 5135 973 5206 Neque
1017 5133 1114 5186 liabent
1120 5173 1128 5199 ,
1152 5152 1204 5186 non
1221 5137 1271 5187 nisi
1284 5133 1317 5188 ab
1338 5139 1391 5189 Ilus
1404 5135 1508 5207 Linous
1518 5135 1667 5206 computari
1682 5147 1789 5207 pressum.
