3775 5750
637 290 808 352 ΕΡΙΤΟΜΒ
829 290 977 351 PSRll'Ll
1001 288 1198 351 maritaret.
1671 300 1728 354 trs

109 424 178 469 'tuti
199 423 418 471 tttssotffltmi
434 424 658 473 ΤΗΣΕΥΡΩΠΗΣ
674 428 786 474 ΜΕΡΩΝ
808 427 899 474 ΠΕΡΙ·
987 444 1189 499 aauouaanu
1212 442 1344 487 sonora
1367 443 1508 488 νικτιιιιι
1530 424 1729 489 narratus*

35 509 51 523 ··
447 512 560 560 naora.

154 666 179 707 t.
200 644 402 717 Νικόπολις,
414 644 489 710 πόλις
500 644 641 725 Ἠπείρου,
654 650 689 713 ὡς
701 646 859 725 Μαρκιανός.
982 652 1009 711 d.
1029 648 1222 719 Nicopolis,
1240 648 1303 701 urbs
1313 650 1401 719 Epiri,
1415 659 1445 701 ut
1459 650 1609 703 Marcianus
1624 653 1669 703 ait.

155 754 178 793 ὓ·
201 732 342 793 {Milli
355 737 373 804 ἢ
385 736 462 804 νῆσῦί
475 733 588 793 Σῑῑανία
601 733 726 813 npo'repov
738 734 899 809 ὧνῠμᾶζῑῖθ,
983 750 1008 803 5.
1023 750 1143 804 Sicilia
1160 750 1322 821 insulaprius
1330 751 1440 815 Sicania,
1452 760 1541 821 postea
1547 751 1634 805 Sicilia
1642 765 1732 807 vocata

32 891 36 898 .
67 842 82 881 ιι
112 811 176 880 εἶτα
191 818 300 881 Σικελία
311 821 423 895 ἐκλήθη,
434 818 470 886 ὥς
481 842 546 902 φησι
557 820 714 888 Ἑλλάνικος
729 820 842 901 Ἱερειῶν
853 824 901 891 τῆς

108 908 151 969 Ἥ
157 932 203 988 ρας
214 908 249 987 β’·
262 934 276 960 ι
289 910 316 967 ἐν
330 906 358 966 dl
370 911 409 989 τῷ
423 910 495 989 αὐτῷ
502 908 591 988 χρόνῳ
602 908 648 967 καὶ
662 907 836 975 discurristi
848 910 900 965 τῶν

110 996 250 1074 Ἰαπύγων
264 996 291 1063 ἐξ
309 995 425 1063 Ἰταλίας
439 995 631 1069 ἐξανέστησαν,
646 987 683 1055 ὄν
701 988 769 1077 ἦρχε
784 994 901 1062 Σικελός·

944 862 994 916 est,
1003 862 1032 904 ut
1043 851 1191 905 Hellanicus
1205 854 1241 905 sit
1254 850 1424 905 sacerdotum
1433 855 1450 905 J
1452 854 1547 905 unonis
1560 852 1627 906 libro
1638 872 1731 908 secun·

944 957 981 1010 do
995 974 1001 1008 :
1016 978 1026 1005 ι
1041 955 1142 1009 Eodem
1153 967 1272 1027 tempore
1283 956 1363 1010 etiam
1373 960 1510 1022 Ausones,
1521 957 1617 1029 quihus
1630 958 1732 1012 Siculus

109 1084 160 1142 καί
174 1083 312 1150 tratione
324 1085 360 1150 τίς
372 1083 421 1154 τὴν
436 1088 515 1156 νῆσον
525 1082 575 1155 τὴν
589 1082 648 1141 τότε
663 1084 789 1145 Σικανίαν
803 1084 899 1142 καλου·
945 1060 1100 1131 ”nllffibllv
1108 1058 1350 1130 ιιῙθίθίθῗθῑῑθῘῑθῙῙ8
1358 1057 1432 1130 ⁰l0⁰ll
1442 1070 1513 1112 ⁵⁰⁰¹·
1523 1062 1615 1130 Imque
1623 1062 1649 1113 ¹⁰
1659 1061 1731 1113 ΒΜ·

30 1163 36 1206 t
109 1172 195 1249 μένην
205 1170 266 1250 περὶ
276 1171 323 1255 γὴν
337 1169 433 1243 λίτνην
449 1171 613 1247 καθιζόμενοι
628 1169 713 1251 ᾤκουν
725 1171 799 1229 αὐτοί
812 1194 841 1229 τε
854 1170 901 1229 χαί
945 1162 996 1215 lam
1006 1180 1065 1233 quse
1074 1171 1138 1247 tune
1149 1162 1251 1215 Sicania
1258 1161 1411 1227 vocabatur,
1423 1164 1574 1231 transgressi
1583 1160 1618 1215 ed
1626 1162 1731 1217 AEtnam

34 1308 37 1312 ,
71 1264 125 1317 toi
141 1258 266 1336 βασιλεὺς
281 1260 366 1317 αὐτῶν
378 1258 494 1332 Σικελὸς,
508 1259 645 1339 βασιλείην
659 1258 900 1337 ίγκαταστηοιίμε-
945 1262 1019 1316 sedes
1030 1259 1144 1316 fixerunt
1160 1262 1208 1335 ipsi
1220 1280 1365 1333 eorumque
1377 1280 1424 1315 rex
1437 1262 1555 1327 Siculus,
1571 1264 1617 1333 qui
1634 1264 1731 1332 regiam

108 1371 163 1413 νος·
176 1345 533 1424 Μθθνίῑῧθῑίθθθώμῑθθςθ
547 1338 741 1415 Σαὸθθίθῦτθς
752 1345 899 1419 πάσηίθδη
947 1365 983 1420 ibi
1003 1366 1053 1419 sihi
1067 1366 1218 1429 constituit,
1241 1384 1275 1418 ex
1297 1382 1380 1437 eaque
1399 1367 1566 1438 proiit-issem
1582 1368 1662 1419 totius
1676 1364 1732 1437 jam

30 1438 31 1444 i
108 1438 159 1505 *ἧς
171 1433 253 1541 νῆἷω
263 1430 382 1544 {wit
396 1435 455 1540 to're
471 1434 594 1543 Σωλίξς
611 1434 774 1511 καλουμένη(
788 1435 840 1491 ἀπὸ
854 1440 899 1543 *οῗ
945 1469 1046 1535 insulae,
1060 1480 1124 1523 tunc
1133 1469 1226 1523 Siciliae
1236 1486 1332 1523 nomen
1345 1470 1458 1524 eSiculo
1468 1481 1560 1535 nactae,
1573 1488 1656 1540 regno
1665 1473 1733 1542 poti·

110 1524 228 1582 Σικελου
241 1544 346 1594 τουτου,
358 1522 401 1597 (de
412 1545 457 1581 και
470 1524 496 1581 la
509 1524 595 1600 αὕτη)
609 1523 774 1581 lescheres.
791 1549 803 1575 ι
846 1524 900 1581 Και

109 1610 252 1677 Μένιππος
264 1610 293 1669 δὲ
307 1610 393 1669 estrei
408 1633 498 1692 φησιν.
540 1609 726 1689 [Θουκυδίδης
746 1608 774 1669 δὲ
788 1608 899 1689 οὕτως]
945 1581 988 1624 ¹¹¹³
998 1582 1036 1624 ωε
1049 1592 1072 1624 ¹·
1083 1572 1225 1684 M'enil'l'us
1240 1571 1415 1689 ‘lu‘l‘lu‘lhfc
1432 1582 1530 1689 filiai·
1546 1572 1556 1642 l
1570 1572 1732 1643 Thucydides

69 1713 95 1752 ts
109 1724 121 1750 ι
137 1698 256 1764 ἐλθόντες
269 1700 305 1765 εἰς
319 1698 442 1759 Σικελίαν
454 1698 514 1761 κτλ,
945 1691 1006 1727 ttero
1015 1677 1064 1740 VI,
1077 1690 1093 1727 a
1107 1686 1147 1728 tta
1156 1677 1182 1746 :j
1206 1698 1218 1721 ι
1233 1676 1374 1729 Venientes
1383 1694 1410 1736 tn
1420 1676 1532 1729 Siciliam
1545 1686 1595 1729 etc.

150 1807 177 1847 ο.
200 1784 492 1866 Νᾶρόων,ίμπόριον
511 1784 556 1844 καὶ
569 1784 644 1853 πόλις
667 1784 807 1856 Κελτική..
824 1787 901 1864 Μαρ·
982 1792 1007 1841 6.
1027 1786 1175 1852 Narbon,
1202 1789 1350 1859 emporium
1373 1799 1400 1841 et
1423 1788 1519 1842 Celtica
1544 1789 1624 1854 urbs,
1651 1806 1730 1861 quam

107 1874 202 1941 κιανὸς
213 1873 240 1933 il
251 1874 445 1954 Ναρόιυνηαίαν
460 1874 540 1945 αὐτὴν
552 1873 633 1952 λε’γει.
944 1870 1094 1926 Marcianus
1107 1874 1296 1927 Narbonesiam
1308 1884 1392 1927 votat.

107 2062 146 2098 no
167 2062 189 2096 s.
205 2062 231 2098 v.
252 2054 278 2096 et
293 2044 379 2096 Plinio
392 2045 429 2108 V,
447 2048 491 2107 44.
514 2042 555 2097 Cl.
570 2040 665 2097 Gillias
683 2046 725 2097 De
739 2044 817 2115 Bosp.
830 2043 897 2097 Thr.
981 2043 1084 2115 Periplo
1107 2042 1247 2116 Menippus
1267 2045 1405 2098 inseruerit
1429 2044 1468 2097 rel
1492 2043 1642 2114 adjunxerit
1660 2046 1732 2097 diel-

107 2141 137 2194 p.
154 2128 214 2191 147.
226 2124 266 2175 De
277 2123 361 2175 fluvio
371 2121 496 2175 Chalcide
506 2121 621 2186 aliunde,
632 2134 761 2193 quantum
771 2124 835 2187 scio,
846 2141 901 2176 nean
947 2122 1041 2184 πλους
1049 2123 1083 2176 ab
1092 2141 1145 2176 una
1158 2122 1190 2176 ad
1202 2123 1310 2177 alteram
1320 2124 1497 2177 continentem
1509 2125 1563 2176 sive
1575 2135 1731 2181 uno.tenore

108 2211 226 2255 constat.
242 2202 331 2254 Insula
344 2198 417 2253 dicta
430 2218 447 2254 a
461 2200 664 2271 χαλκουργείοις,
681 2218 795 2272 quorum
808 2203 901 2254 etiam-
945 2202 1086 2255 continuos
1103 2204 1157 2255 sive
1177 2202 1261 2256 obviis
1278 2203 1369 2256 insulis
1383 2202 1542 2273 interruptos
1558 2213 1585 2255 et
1595 2202 1733 2257 distinctos

108 2299 187 2333 nune
200 2281 238 2333 ibi
256 2292 318 2334 sunt
333 2282 451 2349 vestigia.
949 2280 1007 2353 (Cf.
1019 2281 1151 2335 stadissm.
1162 2300 1189 2353 p.
1202 2281 1277 2354 499).
1287 2282 1337 2337 Vel
1351 2284 1378 2334 in
1391 2282 1462 2334 hisce
1471 2281 1586 2344 Διάκλοις
1594 2281 1634 2335 rel
1647 2284 1673 2335 in
1684 2282 1732 2336 lle-

148 2364 176 2423 ίς.
195 2359 330 2431 Nicopolis
343 2360 445 2413 mentio
457 2359 490 2412 ad
505 2361 652 2431 Menippea
671 2361 805 2431 epitomen
822 2361 902 2431 perti-
947 2359 1042 2430 ρίτλοις
1050 2360 1084 2414 de
1097 2357 1269 2431 longitudine,
1287 2360 1424 2415 latitudine
1438 2372 1464 2414 et
1475 2362 1577 2415 ambitu
1588 2361 1732 2415 insularum

109 2456 176 2492 nere
197 2438 313 2504 videtum
336 2450 407 2492 certe
427 2439 611 2493 Artemidorus
636 2441 747 2508 Augusti
760 2456 828 2510 opus
847 2456 902 2493 non
948 2450 1040 2493 auctor
1058 2440 1120 2509 egit.
1133 2440 1276 2510 Complura
1289 2437 1351 2493 inde
1364 2450 1499 2493 mutuatus
1518 2452 1558 2494 est
1577 2441 1733 2510 Agatheme·

110 2518 281 2571 memoravit.
306 2521 467 2589 Quanquam
482 2519 632 2571 Marcianus
654 2516 687 2571 de
709 2536 759 2571 suo
780 2535 852 2588 penu
874 2519 902 2570 in
948 2536 993 2571 rus
1005 2520 1027 2583 l,
1041 2518 1093 2588 ὄρ.
1108 2519 1159 2571 316
1171 2516 1214 2571 ed.
1228 2516 1342 2583 Hollm.,
1355 2520 1402 2589 qui
1412 2518 1497 2571 fontes
1506 2513 1582 2571 ¹unde
1592 2536 1640 2573 sua
1649 2517 1683 2572 de
1694 2520 1734 2571 in-

110 2596 276 2651 Artemidori
289 2598 404 2667 epitome
414 2596 471 2667 ejus
483 2597 645 2650 montionem
654 2595 740 2649 lacere
750 2597 845 2667 potuit.
948 2596 1064 2650 solarum
1075 2596 1283 2649 dimensionibus
1292 2597 1421 2661 hauserit,
1433 2597 1572 2669 profitetur
1582 2596 1732 2650 Artemido-
1809 2657 1813 2667 ¹

137 2673 176 2728 ¹5.
200 2677 264 2729 Haec
281 2694 297 2729 e
318 2676 452 2747 Stephano
473 2674 551 2729 allert
565 2676 753 2729 Constantinus
771 2675 900 2747 Porphyr.
948 2694 1008 2729 rum
1019 2686 1045 2728 et
1058 2676 1215 2747 Menippum
1230 2686 1257 2729 et
1275 2674 1368 2746 ἐτέρους
1384 2674 1544 2737 ἀξιοπίστους.
1564 2678 1732 2747 Quamquam

112 2757 155 2807 De
167 2756 249 2808 them.
263 2757 300 2819 11,
312 2774 328 2823 9
340 2774 367 2826 p.
386 2755 418 2809 5⁸
432 2756 520 2807 Βοιιιι.
538 2756 549 2824 ΙΙ
562 2754 683 2807 -τότι
696 2753 832 2824 ταύτης]
848 2753 903 2807 ταί-
948 2754 1012 2825 qnid
1025 2754 1120 2808 horum
1138 2756 1275 2825 Menippo,
1290 2753 1355 2825 quid
1369 2756 1461 2807 ceteris
1475 2752 1664 2807 vindicandum
1685 2756 1732 2819 sit,

111 2851 156 2900 της
164 2834 222 2886 τότε
234 2832 331 2898 codex,
344 2842 460 2886 ceterum
473 2832 576 2898 ταύτης,
586 2834 663 2886 sicuti
673 2850 735 2884 mox
744 2834 903 2902 pronomina
948 2831 1087 2903 dijudicari
1101 2833 1201 2903 nequit.
1211 2863 1247 2892 -,-
1259 2834 1386 2886 Praeterea
1393 2832 1534 2904 Menippus
1543 2833 1647 2905 scripsit
1660 2831 1734 2886 Στα·

111 2912 319 2965 demonstrativa
332 2909 386 2973 int
400 2911 502 2973 Σικελθς
517 2906 588 2973 οὗτος
605 2921 632 2964 et
642 2915 686 2963 τοῦ
700 2909 804 2962 Σικελοῦ
815 2910 902 2963 τούτου
948 2912 1105 2983 διασμοὶις
1119 2917 1175 2978 τῆς
1192 2912 1269 2979 θλης
1284 2911 1489 2983 οἰκουμένης,
1506 2915 1527 2964 si
1537 2911 1602 2965 fides
1613 2911 1734 2966 habenda

111 2993 302 3045 Constantinus
314 2989 349 3043 de
366 3007 416 3042 suo
438 2989 565 3042 intulerit.
578 2987 682 3042 Deinde
697 2985 824 3058 ejicienda
840 2997 904 3040 sunt
948 2989 1120 3044 Constantino
1142 2990 1369 3060 Porphyrogenito
1388 2990 1445 3061 (De
1462 2990 1544 3042 thern.
1565 2991 1587 3054 1,
1611 3007 1628 3042 a
1650 3007 1679 3062 p.
1702 2995 1733 3046 18

111 3070 229 3132 verbaie
239 3069 282 3122 καί
292 3067 317 3122 ἓν
329 3067 400 3141 αθτῇ,
413 3069 464 3121 nisi
471 3079 680 3139 transponereea
692 3065 755 3118 velis
764 3075 903 3135 totumque
947 3069 1033 3120 Bono.
1050 3067 1072 3140 ),
1086 3069 1132 3138 qui
1148 3085 1154 3120 :
1169 3068 1204 3120 Τθ
1219 3069 1290 3138 θίμα,
1314 3069 1410 3138 inquit,
1432 3066 1460 3120 rh
1478 3067 1631 3139 καλούμενον
1650 3067 1733 3140 'Appe-

110 3151 202 3202 locum
215 3150 252 3202 ita
267 3147 397 3202 adornare
483 3146 593 3200 airolae
609 3145 651 3197 καί
668 3143 809 3214 θβαοιλεθς
822 3143 902 3198 aiens
949 3145 1032 3199 νιακθν
1050 3144 1078 3198 οὖ
1097 3145 1178 3216 κόριον
1195 3143 1249 3214 ἔχει
1271 3145 1300 3199 rh
1314 3145 1404 3216 ὄνομα,
1424 3145 1479 3198 otti
1499 3145 1591 3217 ἀρχαία
1612 3147 1648 3208 τίς
1668 3145 1733 3201 ἔστιν

111 3227 229 3293 Σικελὸς,
244 3227 318 3288 texet
327 3226 352 3280 θν
367 3225 563 3299 αιἰτῇβασιλείην
575 3223 740 3294 (βασιληίην)
750 3223 901 3294 ἔγκαταστη-
947 3223 1062 3291 ἣτοθτου
1080 3224 1266 3294 προσηγορία...
1288 3223 1350 3276 Οὔτε
1364 3223 1412 3294 γὰρ
1430 3223 1546 3294 Στράθων
1564 3223 1734 3296 θγεωγρόρος

112 3307 220 3376 eriperer
240 3307 283 3358 καὶ
303 3305 413 3359 ἔντιῦθιν
427 3305 571 3377 ὁρμώμενος
590 3304 670 3370 πάσης
687 3301 734 3371 ἤδη
753 3306 795 3369 τῆς
808 3303 899 3370 raison,
948 3305 991 3369 τῆς
1005 3302 1117 3370 τοιαύτης
1130 3301 1264 3372 ὀνομασίας
1277 3301 1432 3374 ἐμνήσθη...,
1446 3300 1501 3354 οὔτε
1516 3301 1665 3365 Βίένιπποςθ
1679 3305 1734 3366 τοὺς

111 3385 171 3436 τότε
187 3384 217 3437 Σ.
232 3383 385 3454 καλουμένης
398 3381 502 3437 latret
519 3382 633 3444 Σικελοῦ,
654 3381 795 3434 Muellerus
809 3381 901 3453 (hipl-
948 3381 1111 3451 οταδιασμοὶις
1139 3383 1182 3445 τῆς
1205 3379 1265 3448 θλης
1292 3379 1434 3452 οἰκουμένης
1461 3379 1673 3452 ἀπογραψάμενος.
1697 3412 1734 3424 -

112 3463 223 3536 mesi).
238 3465 270 3516 In
284 3464 425 3533 postremis
437 3464 534 3516 inserta
556 3473 596 3515 est
609 3461 709 3514 mentio
725 3461 898 3532 Thucydidis.
948 3459 1071 3530 Superest
1082 3468 1113 3511 ut
1133 3476 1287 3512 moneamus
1301 3459 1366 3513 nihil
1379 3457 1413 3511 ad
1431 3477 1479 3511 nos
1492 3459 1623 3530 pertinere
1635 3478 1693 3530 quse
1705 3461 1733 3512 in

110 3543 226 3612 Vulgata
234 3543 270 3596 ita
280 3542 369 3606 hahet,
379 3544 454 3614 quasi
463 3543 542 3596 verba
551 3542 673 3606 ἐλθόντες,
683 3551 746 3606 etc.,
755 3552 840 3594 assent
846 3543 901 3594 Me·
948 3539 1071 3610 Stephani
1082 3537 1216 3591 codicibus
1229 3536 1352 3606 leguntur
1363 3555 1369 3590 ι
1383 3537 1494 3604 ilerden·
1508 3536 1584 3598 οὕτως
1595 3535 1611 3604 ἣ
1624 3537 1733 3609 Ἄρτεμις

112 3623 384 3692 nippisaeterumhoc
393 3640 476 3676 unum
484 3633 523 3675 ast
531 3620 716 3692 fragmentum,
725 3637 816 3690 exquo
824 3639 902 3692 appa·
947 3616 1055 3688 λέγεται,
1070 3617 1112 3670 καί
1125 3617 1241 3680 littoris,
1257 3617 1290 3679 ὡς
1306 3616 1370 3688 παρὰ
1388 3615 1534 3687 Μενίττῳθ
1552 3617 1682 3679 Βυζάντιος
1692 3620 1733 3670 καὶ

112 3711 155 3751 ret
163 3701 318 3771 Menippum
329 3701 508 3772 geographicis
516 3701 570 3753 suis
579 3699 657 3752 etiarn
667 3699 791 3752 historica
801 3699 901 3752 immis·
952 3693 1104 3767 Ἐπίχαρμος
1115 3693 1139 3748 ἔν
1149 3695 1253 3767 Σφιγγί·
1270 3717 1281 3744 ι
1295 3696 1335 3748 καί
1347 3696 1360 3748 θ
1370 3697 1413 3757 τοῖς
1422 3695 1541 3756 Χιτωνίας
1555 3693 1686 3763 αὖλησάτω
1698 3699 1733 3760 τίς

112 3778 500 3853 υιιίοτε(λ’.Ματσίιιιι.5ίςρ.
515 3779 641 3850 566,43).
654 3781 804 3832 Marcianus
817 3797 901 3850 quum
950 3794 992 3846 μοι
1015 3775 1098 3847 μίλος.
1125 3798 1136 3825 ο
1159 3777 1264 3829 Etenim
1285 3793 1345 3828 cum
1368 3773 1494 3829 Salmasio
1517 3774 1656 3845 legendum
1678 3775 1734 3840 ειίις

113 3859 176 3911 talia
193 3876 208 3910 a
225 3875 253 3910 se
267 3858 360 3930 procul
381 3859 499 3924 haberet,
518 3878 551 3912 ea
566 3859 617 3912 hoc
636 3876 742 3930 quoqne
757 3858 902 3929 fragmento
947 3854 1093 3926 Παρμενίων
1108 3855 1122 3907 θ
1140 3853 1287 3919 Βυζάντιος,
1302 3872 1381 3925 quem
1398 3853 1548 3907 iamborum
1560 3867 1666 3925 poetam
1676 3856 1732 3909 Ste-

113 3936 221 4006 colligas
233 3938 395 4009 stephanam
408 3957 441 3992 ex
452 3941 555 4008 integro
566 3939 682 3993 hausisse
692 3940 828 4011 Menippo.
947 3935 1049 4006 phanus
1058 3936 1136 3989 ctiam
1148 3953 1169 3987 s.
1184 3953 1211 3988 r.
1223 3934 1338 3987 Βουδῖνοι
1349 3943 1375 3987 et
1386 3932 1489 4003 Φρίκιον
1501 3933 1606 3986 excitat.

153 4021 180 4067 6.
195 4016 258 4069 Hae
267 4034 332 4070 num
341 4037 374 4072 ex
383 4020 498 4090 epitome
508 4020 626 4091 Menippi
636 4037 669 4072 an
678 4018 838 4072 Artemidori
848 4021 904 4072 Ste·
1702 4035 1704 4039 ·

114 4096 219 4167 pisanus
226 4098 358 4163 sumserit,
374 4099 512 4151 nescimus.
