3775 5750
363 329 400 390 ll.
424 329 474 387 DF.
495 325 670 386 SINGULIS
690 325 780 395 011AE
802 325 875 381 ll0C
896 320 1092 383 votutttrtu
1112 317 1379 378 (iONTlllEN'l'Ull
1401 316 1619 377 opuscutts.

786 509 887 566 lltnno
915 507 1186 566 Cauratorurrusvs.

234 715 281 772 ab.
297 705 975 783 Quaderemotissimisorbisterrarumplagis
1013 711 1137 780 tegram,
1168 719 1309 777 attamen,
1337 719 1370 764 ut
1395 703 1546 782 jejunam,
1570 703 1614 759 sic
1637 704 1803 778 genuinam

194 813 375 890 antiquiores
388 809 484 868 Graeci
499 817 827 885 cognoverunt,eorum
846 801 974 880 plurima
1013 801 1167 859 historiam
1190 803 1303 860 tradere
1331 802 1477 860 videntur.
1499 797 1676 872 —Singula
1700 817 1805 855 rerum

194 906 430 977 al‘boenicibus,
451 905 501 982 qui
518 904 626 962 nullam
650 919 708 958 non
728 899 875 973 regionem
894 896 977 954 lucto
1014 910 1162 954 momenta
1172 896 1320 956 diductius
1334 915 1488 974 exponam.

99 1059 101 1064 .
194 1004 404 1075 admovebant,
432 1001 536 1060 tradita
556 1008 735 1076 acceperant.
763 994 864 1071 ltaque
889 993 977 1051 sortis
1055 1012 1105 1067 ²9·
1131 990 1197 1061 Quo
1218 1005 1351 1071 tempore
1373 991 1458 1068 Tyrii
1481 985 1647 1066 Rispaniam
1674 988 1807 1045 coloniis

195 1099 318 1176 quadam
333 1097 416 1175 quasi
429 1097 544 1173 justitia
563 1093 624 1151 heri
641 1093 736 1165 dicas,
751 1101 782 1146 ut
796 1079 844 1147 vir
859 1109 875 1148 e
888 1087 976 1145 Phoe·
1017 1084 1197 1161 distinguere
1218 1099 1381 1165 coeperant,
1400 1084 1592 1161 Gadibusque
1607 1095 1757 1159 tamquam
1772 1085 1805 1140 in

195 1193 292 1250 uicum
304 1191 404 1251 sobole
415 1189 559 1248 oriundus
570 1188 698 1267 primurn
709 1185 784 1243 inter
796 1181 978 1260 geographos
1015 1201 1082 1241 arce
1095 1184 1336 1242 commerciorum
1352 1181 1542 1240 consederant
1550 1181 1642 1256 (circa
1655 1199 1705 1238 au.
1726 1201 1738 1236 r
1750 1200 1807 1236 too

196 1286 281 1346 nobis
297 1299 428 1346 servatos
439 1287 535 1344 locum
552 1283 692 1342 obtineat.
1016 1298 1042 1337 a.
1051 1279 1123 1338 Chr.
1132 1277 1153 1358 l,
1163 1280 1227 1338 lieri
1236 1300 1295 1339 non
1302 1279 1398 1360 potuit
1409 1281 1480 1356 quin
1492 1274 1721 1354 Libycumlitus,
1729 1297 1808 1332 ocu-

235 1383 349 1453 llanno,
362 1379 645 1454 Carthaginiensium
658 1377 828 1454 imperator,
837 1373 922 1449 jussu
934 1390 980 1430 se·
1016 1375 1053 1432 lis
1069 1393 1171 1432 eorum
1188 1373 1334 1451 objectum
1350 1375 1489 1452 omnique
1506 1371 1676 1430 divitiatum
1693 1390 1809 1446 genere

195 1489 278 1535 natus
293 1475 379 1534 classi
400 1477 519 1534 navium
544 1473 693 1548 sexaginta
711 1481 740 1528 et
754 1468 886 1544 trigesies
899 1465 980 1523 mille
1018 1471 1175 1527 etiamnum
1197 1468 1397 1532 beatissimum
1412 1467 1456 1546 Γ),
1479 1467 1667 1542 negligerent.
1687 1467 1807 1534 Quodsi

196 1573 439 1650 Libyphoenicum
452 1569 631 1628 multitudini
640 1568 802 1646 praelectus,
812 1583 865 1642 per
875 1563 978 1621 lretum
1016 1563 1258 1641 igiturllietupsal
1267 1565 1298 1623 iu
1307 1563 1536 1638 librisPunicis(
1546 1583 1593 1640 ap.
1604 1561 1722 1620 Sallust.
1730 1561 1804 1636 tog.

194 1668 370 1726 Gaditanum
383 1667 415 1724 iu
428 1664 574 1723 Oceanum
587 1661 768 1738 enavigavit,
784 1673 816 1718 ut
835 1660 866 1718 in
878 1657 980 1735 Libyae
1017 1678 1043 1718 c.
1056 1659 1415 1736 18}prodiditexercitum,
1426 1677 1511 1734 quem
1521 1657 1809 1734 exllsiaticispopu·

196 1781 249 1820 ora
267 1761 390 1820 occidua
410 1760 540 1818 colonias
560 1772 621 1817 tum
644 1775 736 1815 novas
750 1753 900 1822 conderet,
918 1766 978 1810 tum
1016 1753 1065 1834 lis,
1074 1753 1183 1828 Persis,
1194 1753 1299 1828 bledis,
1307 1753 1466 1824 Armeniis,
1477 1751 1616 1810 llercules
1623 1751 1807 1825 collegisset,

196 1857 307 1932 priscas
320 1856 405 1914 novis
416 1855 610 1934 frequentaret
624 1852 739 1911 incolis.
753 1849 794 1908 dc
807 1849 934 1927 primum
947 1848 978 1906 in
1017 1862 1083 1926 post
1094 1845 1207 1906 obitum
1218 1848 1353 1906 ducisex
1376 1846 1518 1926 llispania
1529 1847 1561 1904 in
1576 1845 1698 1923 libyam
1710 1845 1809 1921 traje-

197 1949 709 2026 hlauritanitelitore'l'hymiaterium
721 1943 861 2015 condidit,
874 1943 980 2002 deinde
1016 1943 1108 2016 cisse,
1136 1944 1269 2020 aliosque
1284 1941 1321 2000 ad
1345 1943 1491 2001 internum
1515 1959 1609 2012 mare,
1632 1953 1748 2018 partem
1770 1940 1808 1996 ad

197 2047 228 2104 in
244 2046 421 2105 fertilissimo
432 2057 535 2116 tractu,
546 2043 598 2121 qui
608 2043 775 2100 mediusest
788 2040 864 2097 inter
877 2038 978 2096 Atlan·
1018 2056 1158 2095 oceanum
1174 2037 1256 2096 sedes
1270 2037 1369 2096 fixisse
1379 2056 1386 2096 :
1398 2037 1542 2095 neminem
1552 2037 1642 2093 latent
1655 2035 1711 2093 sub
1722 2035 1810 2092 labu-

199 2139 234 2196 tis
244 2137 316 2216 juga
328 2151 357 2196 et
371 2156 473 2196 arenas
480 2136 603 2208 deserti,
617 2133 706 2194 urbes
723 2133 854 2210 quinque
866 2131 980 2190 colonis
1019 2133 1052 2190 lae
1067 2133 1229 2192 involucris
1238 2132 1393 2192 Phoenices
1405 2133 1578 2208 conscriptis
1592 2151 1647 2209 pro
1657 2149 1741 2188 more
1751 2151 1809 2188 un·

199 2221 332 2304 adauxit3
362 2230 431 2289 hinc
452 2231 587 2290 assumtis
611 2226 840 2306 interpretibus,
864 2225 980 2282 Saharae
1019 2228 1107 2308 dique
1116 2231 1229 2291 colonis
1238 2229 1465 2306 oramLibycarn
1477 2227 1807 2306 frequentantesQuaut

197 2327 384 2386 ³⁰lll1¹dl¹¹0ffl
400 2337 616 2405 Praelffleclffls
630 2324 661 2382 5¹¹
675 2323 769 2380 cem
790 2320 901 2390 muli,
915 2339 982 2397 (11¹²
1019 2327 1147 2404 antiquae
1158 2329 1309 2386 nonnullae
1319 2328 1419 2387 saltem
1430 2327 1533 2384 harum
1546 2326 1724 2384 coloniarum
1744 2325 1808 2382 sue-

200 2422 365 2480 faCllllalem
386 2419 473 2480 Simili
490 2431 519 2476 el
528 2419 710 2476 securitatem
724 2416 890 2474 commei'Cll
903 2435 982 2494 pl'ae·
1019 2423 1093 2489 l'lssi,
1113 2441 1151 2480 ex
1167 2441 1204 2480 eo
1220 2423 1395 2497 intelligitur
1415 2421 1495 2498 quod
1509 2419 1643 2479 Herculis
1662 2419 1807 2498 templum

200 2517 303 2590 hebet,
324 2519 476 2579 coustituit
499 2517 677 2593 emporium.
703 2511 818 2582 Quibus
839 2513 980 2590 peractis,
1018 2536 1111 2595 prope
1131 2516 1253 2588 haunt,
1271 2517 1454 2574 phoeniciam
1475 2515 1656 2574 lllauritaniae
1678 2514 1806 2586 urbem,

200 2631 280 2672 oram
299 2613 467 2672 ulteriorem
480 2612 511 2669 in
526 2610 639 2669 loturos
657 2628 727 2668 usus
739 2607 845 2684 viginti
860 2627 910 2665 seu
923 2607 982 2666 die·
1018 2612 1215 2691 positumipso
1221 2609 1806 2688 Gaditanoantiquiusesseferebatur('').

200 2729 265 2768 rtun
280 2707 465 2782 navigatione
478 2705 658 2784 exploravit,
675 2703 768 2762 donec
790 2701 913 2760 reditum
932 2701 980 2780 ju·
1020 2705 1235 2766 Multitudioom
1256 2719 1351 2765 autom
1374 2705 1550 2784 oppidorum
1570 2710 1711 2763 teruntur
1725 2708 1808 2784 apud

200 2803 301 2862 herent
319 2801 434 2860 itineris
447 2799 603 2860 difficultas
617 2811 646 2857 et
670 2797 769 2877 inopia
792 2810 978 2857 commeatus.
1019 2801 1191 2860 Strabonem
1203 2799 1421 2871 Eratosthenes,
1435 2801 1656 2877 ιριιίιιαρπολλος
1670 2799 1808 2858 adocea-
1870 2804 1871 2809 ’

201 2899 344 2959 Reversus
370 2912 463 2957 autem
488 2896 708 2973 Carthaginem,
734 2895 896 2966 concisam,
917 2914 982 2971 qttae
1021 2916 1090 2955 num
1107 2897 1273 2957 luissedicit
1285 2896 1373 2962 πόλεις
1388 2895 1556 2967 Φοινικικοῖς,
1571 2908 1600 2953 et
1608 2895 1735 2974 Ophelas
1745 2896 1807 2973 (Iy-

200 2995 251 3052 aeri
260 2994 305 3052 vel
317 2993 597 3071 lapidiconveniret,
608 2992 721 3049 itineris
732 2990 925 3047 narrationem
934 3003 983 3048 ta·
1020 3012 1133 3053 renaeus
1148 2994 1236 3071 (ejus
1260 2992 1406 3071 periplum
1427 3011 1464 3049 ex
1489 2990 1676 3049 Eratosthene
1697 2991 1808 3049 Straho

201 3086 278 3146 hulae
290 3089 337 3147 vel
350 3088 492 3147 columnae
512 3086 685 3164 insculptam
698 3085 730 3142 in
746 3084 855 3163 templO
864 3082 982 3143 Saturni
1020 3091 1111 3149 citare
1131 3090 1281 3166 videtur),
1304 3090 1354 3166 qui
1374 3089 1405 3147 in
1427 3107 1479 3145 ora
1506 3087 1542 3145 ab
1565 3087 1721 3166 Emporico
1736 3090 1807 3147 sinu

200 3182 349 3242 dedicasse
371 3183 473 3241 fertur.
501 3185 596 3259 Atque
611 3179 700 3258 hujus
720 3180 797 3238 tituli
818 3180 982 3238 versionem
1021 3184 1172 3243 meridiem
1183 3204 1286 3242 versus
1299 3196 1470 3241 excurrente
1479 3196 1620 3241 trecentas
1631 3184 1700 3242 olim
1717 3183 1806 3240 Phue-

109 3342 113 3350 ,
167 3361 170 3368 ¹
200 3298 334 3355 grecam
348 3280 609 3355 nesciosquouam
625 3276 783 3335 conlectam
798 3288 827 3334 et
841 3294 900 3352 quo
914 3294 983 3335 casu
1020 3281 1118 3339 nicum
1126 3280 1256 3339 colonias
1265 3281 1410 3338 exstitisse
1421 3278 1532 3351 retulit,
1540 3298 1618 3337 nunc
1627 3297 1700 3337 vero
1705 3278 1808 3355 jacere

99 3414 102 3421 .
200 3372 236 3433 ad
254 3394 307 3433 nos
331 3385 532 3453 propagatam,
557 3384 655 3431 noster
673 3370 792 3429 libellus
813 3371 981 3448 profitetur.
1021 3374 1164 3435 dirutasa
1182 3374 1335 3434 Pharusiis
1355 3386 1384 3432 et
1395 3372 1533 3450 Nigritis,
1552 3372 1587 3432 ad
1605 3392 1680 3451 quos
1692 3374 1749 3431 iter
1767 3377 1806 3433 sit

199 3469 257 3538 Qui
265 3469 401 3547 quamvis
414 3470 445 3527 in
454 3468 605 3527 nonnullis
614 3466 687 3525 locis
695 3480 858 3544 temporum
870 3466 984 3543 injuria
1019 3472 1133 3531 diorum
1151 3472 1272 3548 triginta
1283 3472 1365 3547 (Ν).
1379 3470 1588 3529 pertinuerunt
1604 3470 1695 3545 igitur
1711 3490 1808 3546 usque

201 3565 287 3623 lasus
296 3564 335 3621 sit
341 3573 369 3620 et
379 3562 415 3621 de
424 3576 519 3621 cetera
533 3561 696 3636 integritate
705 3579 757 3619 sua
766 3572 794 3617 et
806 3560 983 3618 fidevariam
1020 3567 1057 3625 od
1070 3566 1234 3640 desertum,
1249 3566 1334 3644 oojos
1350 3567 1468 3625 initium
1480 3585 1497 3623 o
1512 3564 1586 3623 Lixo
1601 3564 1674 3623 orbo
1685 3565 1808 3639 triginta

201 3657 412 3716 dubitationem
423 3656 560 3729 moverit,
575 3654 772 3713 nihilosecius
785 3656 860 3712 inter
871 3655 981 3726 omnia,
1021 3663 1135 3721 diorum
1149 3663 1255 3721 itinero
1268 3662 1371 3735 distat,
1389 3662 1415 3719 si
1429 3681 1494 3719 cum
1510 3660 1656 3719 llorodoto
1671 3679 1731 3716 τοο
1746 3661 1807 3717 scre

201 3772 266 3829 quae
277 3752 313 3811 tle
324 3750 496 3810 occidentali
511 3749 611 3827 Libyae
625 3769 676 3807 ⁰¹⁹³
694 3748 771 3827 apud
788 3762 900 3808 veteres
919 3770 984 3827 pro·
1021 3758 1113 3817 stadia
1126 3758 1158 3815 in
1172 3757 1304 3832 singulos
1321 3756 1385 3814 dies
1400 3755 1625 3834 computaveris.
1645 3753 1805 3811 Numerum

202 3858 286 3919 stant,
301 3846 454 3905 utilitatem
466 3844 553 3903 babet
568 3848 732 3903 maximam.
745 3842 816 3900 Nam
831 3862 920 3919 quum
935 3845 982 3903 vel
1021 3851 1216 3930 oppidorum,
1240 3870 1325 3928 quem
1351 3850 1478 3928 Ophelas
1492 3849 1597 3919 tradit,
1610 3868 1669 3906 non
1683 3866 1805 3925 premo,

201 3934 311 4019 Ephori
332 3952 414 3998 aetate
436 3938 587 3998 Hannonis
601 3938 749 4013 navigatio
764 3936 932 3995 Graecorum
948 3938 984 3996 de
1021 3966 1195 4023 quamquam
1206 3964 1343 4020 magnum
1357 3946 1445 4004 luisse
1458 3944 1532 4003 nihil
1543 3956 1586 4001 est
1594 3963 1647 4002 cur
1655 3962 1806 4017 negemus,

202 4036 284 4097 orbis
296 4036 389 4114 figura
405 4035 612 4115 opinionibus,
634 4034 739 4093 deinde
755 4052 825 4093 vero
840 4034 983 4111 mytholo·
1022 4060 1112 4116 quum
1120 4040 1152 4099 in
1162 4040 1303 4119 llispania
1317 4058 1406 4117 supra
1420 4039 1544 4098 ducenta
1559 4038 1667 4116 oppida
1681 4036 1810 4094 Phoeni-

201 4152 304 4209 gorum
318 4132 490 4191 commentis
504 4130 692 4189 multifariam
713 4129 874 4189 delomtata
891 4144 982 4204 esset,
1022 4154 1069 4193 ces
1097 4134 1262 4214 possedisse
1285 4135 1423 4207 serantur,
1441 4147 1470 4193 et
1490 4135 1520 4191 in
1548 4146 1671 4207 angusto
1697 4134 1809 4189 veteris

201 4242 229 4285 et
249 4230 440 4307 ineptissimae
456 4227 559 4287 fabulae
575 4228 726 4286 llannonei
742 4228 870 4287 nominis
883 4242 982 4287 aucto·
1022 4228 1208 4304 Carthaginis
1234 4242 1328 4287 tractu
1352 4230 1475 4287 ducenta
1499 4228 1608 4305 ceperit
1633 4226 1808 4301 Agathocles

202 4326 286 4383 ritate
299 4324 527 4385 divenderentur
543 4346 549 4381 ι
566 4310 672 4383 nosti-ae
683 4325 802 4403 pagellae
814 4326 838 4382 si
857 4344 915 4383 non
934 4325 983 4382 in·
1022 4323 1130 4401 (Diod.
1143 4322 1206 4395 llll,
1222 4346 1255 4397 ¹7
1266 4323 1286 4402 ),
1300 4338 1329 4381 et
1339 4324 1497 4399 inregione
1505 4322 1540 4380 ad
1550 4321 1675 4379 ’fuscam
1683 4321 1807 4377 fluvium

232 4460 263 4522 (Ἴ
277 4464 308 4512 v.
321 4464 427 4525 Graherg
437 4462 461 4513 di
475 4466 564 4515 llemso
576 4466 630 4515 Dos
643 4462 806 4513 llolserretclr
815 4476 839 4513 ο.
851 4460 976 4513 maroilo
986 4464 1066 4523 (vers.
1081 4476 1157 4525 germ
1167 4464 1187 4524 ),
1199 4468 1268 4521 tata,
1278 4476 1303 4525 ρ.
1318 4469 1346 4513 ιο
1359 4476 1424 4525 ηιμ
1439 4463 1528 4511 taison
1546 4465 1583 4510 Aa
1596 4463 1708 4511 ιιιοουυι
1721 4460 1754 4519 os
1766 4460 1810 4508 tlte

200 4536 299 4651 eppira
318 4534 349 4595 os
361 4534 484 4585 Marathe
497 4549 520 4599 p.
540 4542 580 4597 ιιι
593 4538 661 4585 horst
672 4534 846 4584 Nuchricltteu
858 4546 907 4585 von
924 4534 1048 4585 Moroika
1061 4546 1089 4586 tt.
1101 4535 1150 4583 Fet
1162 4546 1186 4596 p.
1205 4536 1251 4583 ιιι
1264 4546 1330 4597 sqq.;
1346 4536 1442 4583 hovers
1455 4537 1507 4583 Dus
1528 4529 1708 4584 Phantasma
1719 4531 1808 4578 Alter·

203 4606 213 4651 t
232 4614 284 4652 ιιιιι.
298 4604 330 4663 tt,
343 4616 367 4666 p.
382 4610 435 4653 sta.

233 4671 278 4733 (¹⁸)
291 4671 382 4721 Plinius
394 4674 457 4733 xlx,
471 4678 517 4724 ta:
530 4672 578 4723 sed
589 4676 615 4723 el
624 4672 703 4723 orbor
711 4675 749 4722 est
760 4671 851 4722 maluo
864 4675 891 4722 ta
909 4675 1077 4723 Mauritania
1089 4673 1150 4722 ιλιι
1159 4669 1248 4733 opptdt
1258 4674 1394 4730 actuario,
1405 4670 1450 4720 abt
1463 4669 1631 4733 Hespeudam
1641 4667 1810 4728 hortisatsse

195 4740 353 4806 produntur
363 4744 405 4794 cc
414 4754 482 4804 pota.
495 4744 529 4795 ob
540 4757 642 4804 oceano,
648 4742 730 4805 jurato
742 4741 881 4791 delubrum
897 4743 1025 4803 Herculis,
1037 4742 1175 4803 antiquius
1194 4739 1340 4800 Gaditano,
1354 4739 1494 4800 riserunt.

233 4812 291 4874 (m)
305 4811 391 4864 Sirtha
402 4815 479 4870 xvtt.
492 4827 514 4875 μ.
528 4818 573 4863 829
585 4832 590 4863 ι
604 4814 766 4877 Ἀρτεμίδωρος
777 4812 797 4861 δ’
808 4812 967 4875 Ἐρατοσθένει
983 4813 1025 4874 μὲν
1037 4812 1149 4872 ἀντιλέγω
1161 4810 1219 4858 διότι
1233 4810 1303 4865 Δίξον
1315 4810 1367 4858 τινά
1376 4827 1432 4871 φησι
1442 4810 1509 4859 πόλιν
1517 4812 1570 4873 περὶ
1578 4810 1608 4859 τὰ
1618 4809 1680 4871 ἄκρα
1687 4813 1729 4865 τῆς
1738 4811 1809 4857 Μιω·

202 4882 297 4945 paucine
306 4882 336 4931 τὰ
347 4883 445 4944 laniata
459 4882 510 4932 ἀντὶ
522 4883 623 4945 dutitia-
641 4883 779 4939 Φοινικικὰς
792 4882 818 4931 dl
837 4882 917 4937 aditae
935 4883 1129 4945 κατωκαριύνοι
1140 4880 1280 4940 παμπόλλας
1294 4882 1366 4940 τινος,
1378 4882 1413 4929 ὧν
1426 4882 1492 4930 οὐδὲν
1502 4883 1558 4931 ideis
1576 4881 1639 4929 ἐστιν
1647 4881 1722 4941 igme.
1737 4878 1805 4927 lrlem

202 4963 227 5012 p.
241 4956 287 5000 82ss
301 4970 307 5001 ι
320 4951 423 5000 nutare
434 4951 458 5000 dl
469 4950 598 5013 uideuatur
606 4957 635 5015 τῇ
646 4952 739 5015 diduri]
748 4952 853 5015 παραλίᾳ
865 4956 894 5015 τῇ
904 4952 972 5007 ἐκτὸς
982 4953 1173 5015 προοιψιύοαντο
1184 4955 1207 5001 ol
1220 4956 1374 5015 συγγραφεῖς,
1385 4952 1506 5014 ἀρξάμενοι
1516 4952 1612 5000 ἀπὸτοῦ
1621 4950 1705 5010 Ὸρέλιι
1714 4948 1810 5007 (line).-

203 5022 243 5075 λᾶς
254 5020 451 5083 ὀΚυρηναῖοςιιρ.
464 5020 577 5071 blatciau.
593 5034 616 5082 p.
630 5028 660 5071 dt
677 5022 753 5071 lluds.
767 5024 775 5083 )
787 5022 941 5085 περίπλου...
957 5021 1042 5083 ‘Eme
1053 5022 1078 5071 tt
1088 5022 1165 5084 τούτῳ
1174 5024 1183 5083 (
1192 5023 1371 5086 τῷἭριιοριιιῷ
1387 5023 1488 5085 κόλπῳ)
1500 5023 1524 5070 ἐν
1534 5027 1582 5077 τοῖς
1592 5022 1642 5078 ἑξῆς
1654 5020 1750 5074 κόλποις
1765 5035 1808 5065 aa·

201 5090 291 5145 τοικίας
301 5090 407 5149 λέγεσθαι
421 5090 508 5151 (paral)
519 5090 619 5147 παλαιὰς
627 5090 727 5153 Τυρίων,
738 5092 764 5147 ἃς
773 5092 871 5154 ἐρήμους
881 5092 939 5141 εἶναι
951 5096 1002 5150 νῦν,
1014 5092 1058 5140 οὐκ
1070 5092 1199 5141 ἐλαττόνων
1215 5092 1231 5149 ἢ
1248 5091 1390 5154 τριακοσίων
1399 5094 1501 5150 πόλεων,
1511 5091 1538 5147 ἃς
1548 5092 1570 5138 οἱ
1583 5088 1714 5150 deprimat
1726 5090 1767 5136 κκὶ
1784 5092 1807 5136 οἱ

204 5160 309 5221 Νιγρῑτοιι
320 5159 483 5221 discipinam·
492 5160 576 5223 διέχειν
587 5160 713 5215 dandam:
725 5166 765 5219 τῆς
774 5161 866 5225 Δυγγὸς
877 5178 947 5225 ραοιν
962 5163 1056 5224 ἠρκρῶν
1064 5162 1188 5224 τριάκοντα
1199 5161 1262 5210 ὁδόν.

935 5268 1015 5312 xt'ttt
