3775 5750
216 322 273 373 ²0²
714 312 898 371 Attottt'ttl
922 313 1038 388 (νυιοο
1060 312 1204 372 SCYMNI
1225 310 1321 388 cult)
1712 315 1788 390 (rani

215 463 255 503 tta
270 442 348 503 Ἰνθοί
362 440 408 518 μὲν
424 431 468 499 oda
487 439 582 517 μεταξὺ
598 444 703 520 θερινῶν
717 443 850 501 οἰνατολῶν
1044 450 1104 505 Indi
1117 452 1197 520 igitur
1208 451 1276 503 inter
1290 452 1408 504 aestivum
1421 461 1509 505 ortum

270 530 315 589 καί
329 534 485 609 χειμερινῶν
501 532 614 587 οἰκοῦσι·
632 529 726 589 Κελτοὶ
741 532 763 588 δ’
780 530 909 588 ἀνάπαλιν
1044 550 1069 592 et
1082 540 1224 592 hibernum
1237 538 1357 592 habitant
1365 579 1374 605 ,
1386 539 1465 593 Celtas
1478 542 1632 593 eoontrario

271 622 315 675 ὑπ’
333 620 484 695 ἰσημερινῇς
499 620 599 697 θερινῆς
612 640 641 675 τε
656 616 769 689 δύσεως,
786 621 820 684 ῶς
832 618 916 696 λόγος.
1044 627 1094 680 sub
1105 644 1199 679 oneasu
1210 626 1384 697 aequinoctiali
1396 636 1424 679 et
1433 628 1532 692 estivo,
1545 637 1574 679 ut
1586 618 1677 679 lerunt.

268 706 312 766 Τὰ
327 704 374 782 μέν
386 696 430 762 oliv
442 702 501 774 ἔθνη
514 704 547 762 ad
562 704 665 779 τέτταρ’
678 705 733 764 ε’στί
746 714 800 771 τοῖς
813 705 899 785 ὄχλοις
1043 718 1103 767 Jam
1114 730 1177 767 vero
1188 724 1278 783 gentes
1289 712 1398 783 quidem
1412 715 1467 767 istae
1479 724 1602 784 quattuor
1612 714 1682 784 copia

268 796 320 861 τοῖς
334 791 459 863 πλήθεσίν
471 816 499 850 τε
513 795 564 850 τῶν
580 794 772 852 κατοικούντων
786 790 847 851 loa·
1043 820 1075 855 ac
1087 800 1256 854 multitudine
1267 801 1443 855 habitantium
1454 811 1515 853 sunt
1528 818 1617 871 pares,

215 902 253 943 teo
267 886 283 953 ἡ
297 883 320 940 δ’
332 882 464 943 Αἰθιόπων
476 879 563 939 πλέον’
578 881 633 939 ἰστί
647 880 737 961 χώραν
749 880 795 939 καί
810 883 918 940 Σκυθῶν
1043 890 1116 957 regio
1127 897 1215 940 autem
1227 888 1381 960 AEtbiopum
1394 897 1421 939 et
1433 887 1587 957 Scytharum
1598 886 1675 956 major
1686 899 1718 939 cst

267 970 378 1048 ε’ρημίαν
393 970 416 1027 δ’
429 969 528 1048 ἔχουσα
545 968 684 1047 πλείστην,
697 968 741 1028 διὰ
754 968 784 1028 τδ
797 969 842 1027 καί
1043 986 1070 1029 at
1082 975 1252 1029 solitudinem
1263 976 1342 1029 habet
1353 975 1509 1047 plurimam,
1524 976 1646 1044 quoniam

265 1058 299 1115 τὰ
314 1056 361 1135 μὲν
377 1056 473 1136 ἔμπυρ’
487 1047 553 1115 εἶναι
569 1058 670 1135 μᾶλλον
684 1058 769 1116 αὐτῶν
782 1056 815 1115 rit
828 1058 850 1115 δ’
864 1054 969 1134 ἔνυγρσ.
1043 1062 1086 1115 ilia
1097 1062 1193 1131 ignita,
1208 1062 1265 1114 baec
1277 1080 1375 1131 aquosa
1388 1071 1427 1113 est
1438 1060 1561 1113 nimium.

266 1148 389 1228 Χρῶνται
404 1144 431 1204 δὲ
447 1146 543 1207 Κελτοί
558 1154 612 1213 τοῖς
626 1145 709 1204 ἔθεσιν
722 1144 905 1217 Ἑλληνικοῖς,
1042 1152 1162 1203 Utuntur
1175 1147 1253 1201 cettae
1265 1147 1385 1201 moribus
1396 1146 1580 1211 Graecanicis,

267 1233 368 1314 ἔχοντες
380 1232 529 1293 οἰκειότατοι
542 1232 605 1311 πρὸς
616 1232 664 1303 τὴν
677 1233 795 1293 Ἑλλάδα
1042 1244 1177 1290 contracta
1190 1252 1252 1287 cum
1264 1235 1363 1287 Grecis
1375 1232 1566 1286 consuetudine

214 1342 250 1382 tta
266 1324 309 1381 διὰ
322 1322 368 1389 τὰς
380 1320 510 1401 ὑποδοχὰς
525 1325 575 1379 τῶν
588 1321 807 1397 ἔπιξενουμένων·
923 1380 929 1392 ,
1043 1324 1079 1377 ob
1093 1321 1255 1393 receptiones
1266 1319 1380 1373 subinde
1393 1318 1600 1373 adventantium.

266 1410 312 1470 σὺν
325 1414 438 1487 μουσικῇ
455 1413 477 1468 δ’
496 1409 589 1484 ἄγουσι
600 1407 647 1476 τδις
661 1408 817 1486 ἐκκλησίας,
1042 1412 1111 1463 Cum
1126 1411 1225 1463 musica
1237 1410 1378 1462 conciones
1391 1419 1535 1478 peragunt,

266 1504 402 1573 ζηλοῦντες
416 1500 497 1570 αθτλν
511 1500 669 1579 ἡμερώσεως
679 1524 699 1581 χ
701 1491 768 1581 οἰριν.
1042 1495 1177 1550 studentes
1188 1496 1229 1560 ei,
1242 1505 1272 1547 ut
1285 1512 1344 1565 quae
1358 1493 1555 1547 mansuefacta.

263 1590 372 1650 Τούτων
390 1587 416 1647 δὲ
429 1596 513 1647 κεῖται
527 1588 655 1667 λεγομένη
669 1612 707 1655 τις
721 1586 822 1667 ἐσχάτη
1043 1587 1147 1638 Horum
1158 1585 1187 1661 in
1199 1584 1323 1637 extremis
1337 1582 1386 1635 sita
1399 1592 1439 1634 est
1449 1580 1571 1652 quaedatn

265 1678 349 1749 στήλη
366 1677 479 1756 βόρειος·
496 1678 551 1735 ἔστι
567 1677 588 1734 δ’
601 1674 688 1757 ὑψηλὴ
700 1675 770 1734 πάνυ
1043 1672 1167 1725 columna
1177 1669 1289 1723 borealis
1300 1668 1385 1734 dieta;
1399 1668 1499 1739 peralta
1511 1667 1554 1719 illa

213 1844 279 1917 ρινδν
291 1844 390 1915 ἔχουσιν
401 1842 499 1909 codex;
512 1860 564 1895 em.
576 1842 758 1913 vindingus.'ss
767 1874 803 1883 -
816 1860 875 1913 ¹77-
886 1840 934 1895 ἀπό
945 1840 999 1908 ἰση·
1042 1838 1099 1911 rus)
1119 1840 1157 1891 ότι
1180 1838 1270 1909 μείζων
1287 1834 1304 1901 ἡ
1320 1834 1434 1889 Αἰθιοπία
1445 1836 1487 1887 καί
1499 1836 1511 1903 (
1522 1836 1557 1887 ita
1575 1833 1683 1887 Manius
1695 1850 1737 1903 pro
1745 1834 1757 1898 i,
1766 1832 1792 1899 ti

213 1928 311 1995 μερινῆς
333 1944 359 1978 τε
384 1923 491 1988 δόσεως,
513 1922 545 1983 ὡς
570 1922 647 1994 λόγος
669 1922 766 1987 αοώεκς
785 1940 837 1975 em.
860 1920 998 1987 Meinelre3
1043 1918 1141 1970 Σκυθία.
1153 1920 1245 1986 Itaque
1256 1914 1425 1968 scribendum
1437 1912 1543 1966 videtur
1555 1912 1638 1984 paullo
1648 1912 1740 1965 duriore
1748 1916 1793 1983 qui·

213 2001 275 2055 inde
295 2002 328 2055 ab
352 2001 500 2055 Hoeschelio
522 2000 678 2070 legebatur,:
699 1999 747 2054 dab
767 2004 810 2065 τῆς
825 1999 964 2072 ἰαημερινῆς
974 2020 1000 2053 τε
1044 1996 1104 2049 dem
1117 2007 1143 2049 et
1158 2014 1252 2067 parum
1264 1994 1389 2063 eleganti,
1409 2012 1426 2047 a
1446 1994 1562 2064 Scymno
1575 2003 1657 2045 autem
1675 1993 1792 2045 nonaliena

212 2082 312 2147 δόσεως,
326 2082 359 2143 ὡς
370 2080 456 2153 λόγος,
470 2079 512 2134 Ad
524 2098 583 2151 quae
591 2079 758 2134 Mcinekius:
776 2105 786 2124 ·
803 2080 936 2132 Eaautem
946 2097 999 2131 non
1039 2073 1164 2144 junctura
1180 2092 1187 2126 z
1203 2074 1250 2140 ηδ’
1268 2071 1391 2126 Αἰθιόπων
1403 2072 1487 2126 πλέον’
1503 2071 1646 2143 ἐπίχαριν
1662 2072 1699 2124 καί
1707 2072 1790 2133 Σκυθῶν,

212 2171 283 2213 recte
296 2158 434 2213 emendata
447 2176 502 2211 esso
518 2158 638 2231 pluribus
648 2160 808 2229 argumentis
828 2158 998 2227 intelligitur:
1047 2152 1166 2225 Ἐρημίαν
1183 2154 1205 2205 δ’
1228 2152 1320 2223 ἔχουσα
1342 2151 1470 2219 πλείστην,
1493 2154 1516 2205 i.
1532 2170 1556 2205 e.
1578 2150 1628 2218 ἥδ’
1641 2150 1744 2205 Αἰθιόπων
1763 2152 1793 2202 καί

211 2242 328 2311 primum
342 2240 412 2291 enim
424 2237 549 2292 articulus
562 2249 655 2292 contra
671 2240 753 2291 nostri
767 2237 875 2308 quidem
888 2239 1000 2309 scripto·
1042 2232 1141 2285 Σκυθῶν
1151 2232 1243 2286 πλέον’ι
1256 2234 1341 2302 λώραί
1355 2231 1424 2302 tyn,
1444 2231 1547 2302 lpqplav
1562 2231 1589 2284 li
1601 2231 1715 2299 Γλείπίί·
1727 2234 1792 2284 llffil

211 2320 248 2370 ris
258 2336 335 2371 usum
353 2316 437 2370 illatus
453 2328 502 2382 est,
523 2328 580 2370 tum
595 2317 722 2389 particula
738 2336 764 2369 τε
780 2328 839 2388 post
860 2316 1000 2387 ἰσημερινῆς
1042 2314 1160 2382 sequenti
1174 2322 1283 2383 propter
1294 2310 1389 2381 ἔμπυρα
1399 2310 1487 2363 malim
1500 2310 1587 2381 ἔνυδρα
1598 2311 1670 2364 scribi
1680 2311 1792 2381 quanin

212 2416 267 2450 non
279 2398 358 2450 habet
370 2416 424 2469 quo
438 2397 576 2462 reseratur,
591 2396 705 2469 denique
719 2399 775 2468 ipsa
786 2395 886 2449 vacillat
899 2408 1000 2450 senten·
1042 2409 1100 2462 γρα.
1110 2393 1139 2461 »ΙΙ
1153 2392 1255 2445 -ιΒθ,
1264 2389 1357 2443 ἔθνεσιν
1368 2390 1504 2458 ἑλληνικῶς
1510 2391 1583 2455 eod.;
1591 2410 1640 2444 em.
1646 2390 1790 2450 Hnschelins;

212 2478 265 2543 tia;
283 2495 344 2531 nam
359 2494 442 2548 quum
452 2488 573 2531 accurate
585 2477 699 2531 ambitus
711 2477 841 2541 locorum,
852 2494 910 2546 qua
921 2477 999 2530 Celtae
1041 2472 1196 2525 adverbium
1214 2470 1349 2537 ἑλληνικῶς
1367 2469 1510 2523 defendere
1530 2471 1639 2524 instituit
1651 2470 1791 2531 letmnnins,

211 2557 365 2621 incolerent,
381 2555 537 2609 indicandus
549 2566 629 2621 essct,
648 2576 702 2609 non
717 2574 779 2609 sane
800 2556 826 2607 in
846 2557 998 2609 universum
1042 2564 1111 2605 recte
1120 2552 1279 2622 obloquente
1297 2551 1449 2604 Meinelrio:
1467 2575 1478 2596 ·
1490 2553 1549 2621 Ego
1566 2569 1626 2604 vero
1634 2550 1691 2621 quid
1700 2550 1727 2601 sit
1735 2548 1792 2599 inori-

140 2670 150 2693 ς
210 2652 256 2687 eos
276 2634 324 2687 ἀπὸ
347 2634 486 2706 ἰσημερινῆς
504 2635 610 2700 δόσεως,
637 2636 672 2687 ab
693 2634 872 2707 oeqiainoctiati
892 2654 995 2699 occasu,
1041 2631 1232 2699 bragmani
1243 2630 1310 2683 adeo
1322 2649 1375 2684 non
1391 2629 1523 2700 intelligo,
1545 2642 1574 2684 ut
1587 2628 1714 2683 Hoeschclii
1726 2646 1792 2679 emat·
1841 2689 1842 2692 Ἴ

211 2712 329 2765 babitare
347 2712 399 2765 dici
418 2713 515 2782 potuit.
536 2713 583 2765 llis
604 2714 779 2767 incommodis
799 2714 855 2767 hac
877 2714 998 2768 medetur
1041 2708 1175 2764 dationem
1184 2711 1278 2763 lubens
1287 2710 1446 2781 amplectar;
1458 2728 1547 2780 neque
1558 2722 1612 2764 erat
1625 2706 1792 2780 quoddesolm

211 2792 378 2845 emendatio:
396 2791 435 2845 (κε’
449 2790 589 2863 ἰοημερινῆς
601 2792 995 2867 [θερινῆ]στεδιίσεως,ὡςλόχος.
1042 2793 1124 2844 cismo
1139 2802 1273 2843 vereretur
1290 2790 1332 2842 vir
1346 2790 1379 2842 cl.
1402 2792 1555 2844 Rectissime
1575 2790 1642 2842 enim
1660 2788 1743 2840 dicitur
1755 2788 1792 2845 τοῖς

212 2876 248 2926 m
258 2882 382 2944 praterea
402 2871 489 2925 haren
501 2873 528 2924 in
541 2871 690 2944 ἰαημερινῆς.
707 2878 797 2942 Quum
809 2876 878 2927 enim
893 2877 971 2929 Celtae
984 2896 999 2930 e
1043 2871 1136 2926 ἔθνεσιν
1144 2872 1251 2942 χρῆσθαι
1261 2869 1412 2939 ἔλληνικοῖς,
1426 2872 1454 2924 in
1463 2891 1519 2943 quo
1529 2869 1678 2941 adjectivum
1687 2865 1790 2941 ριωιίίσειί

211 2950 342 3005 diametro
360 2953 473 3024 oppositi
488 2953 540 3006 sint
553 2952 637 3018 ludis,
656 2953 716 3006 Indi
730 2965 816 3007 autem
832 2955 901 3007 inter
914 2957 1000 3010 hiber·
1042 2951 1100 3004 loeo
1116 2953 1241 3022 positum.
1256 2953 1349 3022 Neque
1362 2952 1413 3005 hoc
1424 2949 1514 3004 dicere
1523 2952 1604 3004 voluit
1611 2952 1732 3021 scymnus,
1744 2965 1792 3016 gra·

210 3048 276 3084 num
286 3032 436 3083 etaestivum
445 3041 533 3083 ortum
547 3041 690 3102 ponantur,
704 3035 858 3098 necessario,
872 3035 1000 3089 nisiinter
1041 3033 1079 3085 cis
1091 3032 1131 3088 uti
1140 3032 1259 3084 moribus
1269 3031 1371 3096 Celtas,
1384 3031 1430 3084 sed
1439 3049 1528 3084 mores
1536 3049 1597 3084 suos
1606 3031 1639 3083 ita
1649 3029 1791 3088 conformare,

211 3110 346 3182 AEthiopes
359 3121 385 3163 et
401 3109 484 3163 Celtas
502 3128 614 3163 vacuum
626 3110 713 3165 locum
727 3112 846 3165 relictum
861 3114 996 3181 volumus,
1042 3122 1072 3164 nt
1090 3110 1224 3182 quandam
1237 3129 1299 3164 cum
1320 3112 1409 3181 graecis
1427 3111 1549 3163 moribus
1566 3107 1745 3162 similitudinem
1759 3106 1792 3157 ha
1841 3128 1842 3133 ¹

210 3189 289 3242 Celtae
301 3190 369 3242 inter
382 3190 522 3242 hibernum
534 3200 560 3242 et
572 3192 689 3244 aestivum
699 3209 821 3244 occasum
832 3192 950 3246 habitare
958 3195 998 3247 di·
1042 3190 1127 3243 beant.
1140 3217 1152 3237 ι
1165 3193 1206 3244 De
1215 3210 1244 3244 re
1253 3191 1286 3244 cl.
1298 3191 1421 3262 Ephorus
1430 3189 1464 3243 fr.
1476 3191 1510 3254 43
1520 3207 1528 3242 :
1538 3189 1708 3262 ριλέλληνάςτε
1716 3185 1794 3254 despai-

209 3267 287 3321 cendi
303 3279 394 3335 eraut,
417 3269 488 3322 unde
502 3287 666 3341 consequeus
688 3282 728 3324 est
740 3271 908 3324 scribendum
922 3292 995 3328 esse:
1042 3289 1077 3322 νει
1089 3271 1144 3332 τοδς
1166 3268 1306 3340 ἀνθρώπους
1326 3270 1381 3323 κτλ.
1397 3269 1498 3323 Nicolai
1509 3272 1631 3323 Damaso.
1646 3268 1676 3321 sr.
1692 3269 1749 3332 ιοό(
1759 3267 1792 3316 Fr.

208 3345 255 3400 ίιπδ
267 3353 461 3420 χειμερινῆς
480 3349 574 3420 θερινῆς
587 3369 614 3402 τε
626 3351 724 3413 δόσεως.
744 3353 907 3423 Αιηιισίισιιο
920 3356 998 3407 ratio-
1041 3351 1110 3402 Hist.
1131 3359 1151 3402 t.
1167 3352 1216 3414 111,
1230 3367 1258 3420 p.
1281 3350 1333 3419 457
1346 3352 1367 3419 ).
1389 3350 1512 3402 Proxime
1525 3351 1604 3402 etiam
1621 3346 1653 3400 ad
1671 3347 1792 3399 Gramma

208 3443 269 3480 nem
284 3427 360 3498 plane
377 3427 516 3482 confirmat
539 3447 618 3501 quem
641 3431 668 3482 in
687 3441 742 3483 tota
755 3429 804 3483 hae
820 3430 996 3503 disputatione
1040 3446 1101 3480 cum
1113 3428 1191 3481 Celtis
1206 3430 1364 3482 commercia
1381 3430 1514 3500 pertinent
1527 3447 1588 3500 quae
1602 3426 1676 3480 tradit
1688 3423 1792 3480 Aristotel

208 3524 295 3577 presse
304 3507 423 3577 sequitur
434 3509 561 3578 Scymnus
573 3507 711 3579 ,Ephorus
722 3508 752 3576 (f.
763 3509 808 3578 38)
818 3527 860 3580 ap.
872 3511 995 3564 Cosmam
1039 3509 1102 3560 hlir.
1114 3527 1137 3560 c.
1153 3511 1186 3562 86
1198 3525 1205 3561 t
1225 3507 1272 3561 Ἐκ
1284 3512 1328 3574 τῆς
1342 3507 1448 3570 Ἰταλίας
1456 3509 1529 3579 φασίν
1545 3511 1590 3570 ἕως
1604 3512 1646 3574 ‘titt
1655 3506 1754 3569 retina
1764 3502 1794 3553 nl

207 3584 313 3656 Indepl.
327 3603 354 3656 p.
371 3587 438 3650 148,
452 3586 499 3638 ubi
512 3585 568 3638 haec
582 3585 661 3638 habes
673 3603 679 3639 :
693 3586 724 3639 Οί
745 3585 786 3657 μὲν
801 3586 849 3656 γὰρ
862 3586 936 3640 Ἰνδοί
949 3588 995 3642 εἰσι
1041 3586 1215 3658 Κελτολιγόων
1227 3588 1269 3640 καί
1284 3586 1386 3658 ’ἰόήρων
1402 3586 1468 3640 εἷναί
1477 3607 1535 3641 τινα
1550 3590 1609 3642 atos
1623 3585 1751 3657 Ἡράκλειαν
1763 3601 1794 3633 ιι-

210 3662 299 3732 μεταΕυ
314 3663 413 3732 θερινῶν
425 3663 467 3715 καί
481 3669 628 3734 χειμερινῶν
643 3664 780 3731 ἀνατολῶν,
794 3665 882 3718 ίίελτοί
897 3666 994 3734 δὲτὴν
1039 3664 1173 3736 λουμένην,
1192 3667 1224 3717 δι’
1237 3660 1265 3731 ἧς
1285 3665 1326 3718 ἐάν
1340 3685 1367 3720 τε
1384 3665 1483 3734 Ἕλλην
1498 3667 1543 3721 ἐάν
1558 3687 1584 3721 τε
1602 3667 1712 3738 ἔγχώρῑίς
1722 3683 1750 3723 tlt
1764 3681 1795 3714 ²³0·

208 3739 268 3794 ίιπδ
295 3741 430 3811 θερινῶν
453 3743 544 3813 μέχρι
566 3751 756 3813 χειμερινῶν
774 3745 996 3817 δυσμῶνχώραν
1040 3746 1152 3816 ρεόηται,
1172 3748 1299 3816 τηρεῖσθαι
1315 3745 1362 3800 tat
1381 3753 1429 3800 τῶν
1452 3749 1644 3818 παροικούντων,
1665 3748 1722 3806 ὅπως
1737 3740 1793 3814 μηδὲν
1841 3792 1842 3795 ,

208 3821 351 3890 κατέχουσι·
366 3821 408 3873 καί
421 3821 547 3891 τοῦτομὲν
560 3819 613 3874 ἴσον
625 3821 696 3874 ἐστὶν
705 3823 789 3894 ἔκείνιρ
803 3829 838 3896 τῷ
849 3825 996 3897 διαστήματι
1040 3824 1153 3897 ἀδικηθῇ·
1174 3822 1218 3890 τὴν
1233 3825 1281 3896 γὰρ
1295 3827 1385 3895 ζημίαν
1407 3824 1508 3879 ἐκτίνειν
1520 3829 1577 3880 καθ’
1594 3828 1634 3889 οὓς
1646 3827 1673 3878 ἂν
1683 3821 1793 3895 γίνηταιιδ
1841 3878 1842 3883 ,

208 3899 250 3950 καί
263 3898 371 3969 μάλιστά
389 3917 439 3961 πως
449 3897 625 3970 ἀντικείμενον.
642 3900 693 3954 Sed
708 3901 854 3956 adscribam
865 3905 944 3956 etiam
957 3925 996 3958 se·
1040 3904 1157 3977 ἀδίκημα,
1173 3905 1294 3975 11-185.
1307 3905 1348 3958 καί
1360 3905 1482 3967 τὰςίιποδ.
1497 3907 1597 3972 codex;
1609 3923 1658 3959 em.
1669 3901 1791 3964 Mancia]

208 3979 334 4046 quentia:
354 3973 388 4030 ‘H
399 3977 425 4031 δὲ
436 3983 484 4031 τῶν
497 3977 595 4030 Σκυθῶν
608 3981 747 4048 κατοίκησις
759 3986 802 4034 τοῦ
816 3982 857 4053 μὲν
871 3983 943 4049 ἡλίου
954 3990 996 4052 τῆς
1038 3985 1136 4051 —ord
1144 3985 1178 4052 λη
1193 3985 1325 4056 βόρειος]
1336 3985 1533 4039 «Haecconluse
1539 3980 1792 4059 respondentllpibffi·

207 4059 336 4128 περιφοραῖς
355 4056 397 4110 τόν
419 4056 578 4110 διαλείποντα
598 4060 696 4130 κατέχει
715 4061 800 4125 τόπον,
821 4061 952 4115 ἀντίκειται
970 4065 996 4119 δὲ
1040 4064 1094 4116 imo
1106 4065 1285 4135 ethrenaeis3
1299 4082 1360 4116 nam
1374 4064 1450 4134 ἄκρα,
1465 4067 1561 4136 (μετείω
1575 4059 1794 4134 κυματῶδεςτέλαγῡς

207 4135 266 4206 πρὸς
275 4135 303 4189 τό
319 4142 367 4190 τῶν
381 4135 502 4191 Αἰθιόπων
519 4137 598 4205 ἔθνος,
609 4139 623 4191 δ
633 4139 861 4211 δοκεῖπαρατείνειν
875 4139 922 4194 ἀπὸ
936 4141 995 4195 ἀνα·
1039 4145 1179 4214 pertingit,
1192 4143 1297 4196 videtur
1308 4145 1335 4196 in
1352 4162 1479 4197 oceanum
1495 4144 1652 4198 Atlanticum
1667 4136 1794 4194 descendat

205 4215 287 4268 τολῶν
301 4222 350 4269 τῶν
370 4223 517 4289 χειμερινῶν
537 4219 610 4290 μέχρι
627 4219 724 4290 δυσμῶν
749 4225 797 4271 τῶν
822 4220 993 4291 βραχυτάτων.
1039 4225 1219 4294 potiusquam
1240 4222 1400 4294 respondere
1420 4224 1531 4296 Alpibus
1553 4223 1685 4277 maritimis
1696 4221 1719 4271 in
1731 4214 1794 4269 medi

206 4295 283 4350 Adde
293 4297 416 4351 Strabou.
427 4301 450 4362 I,
467 4316 495 4369 p.
514 4299 545 4352 31
560 4316 565 4350 :
582 4298 658 4351 Δοκεῖ
668 4298 726 4370 γὰρ,
743 4301 815 4371 ’ρησίν
831 4301 993 4372 (Ephorus),
1040 4309 1188 4353 terraneam
1201 4319 1273 4353 mare
1283 4301 1474 4356 desinentibus.
1487 4327 1498 4349 ι
1516 4303 1640 4357 Gaurus.
1656 4325 1667 4346 ι
1682 4303 1734 4367 Que
1745 4303 1794 4370 cette

206 4373 234 4426 τδ
244 4375 419 4430 τῶνΑἰθιόπων
428 4376 498 4440 ἔθνος
505 4379 657 4449 παρατείνειν
667 4378 708 4432 ἀπ’
714 4379 841 4432 ἀνατολῶν
848 4389 995 4453 χειμερινῶν
1039 4377 1183 4430 indication
1193 4378 1283 4431 tienne
1296 4378 1345 4434 lla
1357 4381 1496 4435 confusion
1513 4381 1547 4434 de
1561 4381 1584 4434 la
1599 4369 1795 4450 gdognphled'ss·

207 4455 280 4526 μέχρι
293 4456 391 4527 δυσμῶν
402 4457 431 4529 (i.
442 4475 467 4510 e.
478 4459 576 4528 δυσμῶν
588 4459 756 4532 χειμερινῶν),
770 4458 885 4526 ἡΣκυθίσι
895 4461 916 4512 δ’
928 4459 994 4515 ἀντί·
1038 4458 1124 4528 phere
1139 4470 1299 4512 eoncemant
1307 4460 1432 4532 l’Europe
1445 4461 1620 4525 occidentale,
1633 4458 1683 4512 cela
1693 4455 1749 4508 n’est
1761 4467 1795 4521 pas

206 4551 284 4585 κειται
293 4536 404 4608 τοότῳ.»
421 4538 431 4605 ΙΙ
442 4567 479 4577 -
493 4540 552 4606 178.
566 4538 660 4609 τέσσαρ’
670 4539 770 4603 codex,
784 4557 836 4593 em.
847 4540 991 4595 Fabricius.
1039 4538 1167 4593 douteux.
1190 4539 1265 4592 (λκιο
1280 4539 1384 4593 colonae
1399 4541 1499 4593 όοιιίαίε
1517 4551 1555 4593 est
1573 4539 1597 4593 la
1612 4556 1663 4592 une
1672 4531 1795 4605 expansior

210 4609 221 4678 ΙΙ
238 4640 274 4650 —-
287 4616 344 4667 ιθο.
358 4615 445 4668 πλεῖόν
462 4615 512 4669 ἔστι
524 4618 595 4688 χώρα
614 4617 655 4670 καὶ
668 4618 766 4670 Σκυδῶν
782 4617 883 4690 ἐρημίαν
901 4619 995 4692 ἔχουσα
1039 4618 1162 4689 poetique
1173 4618 1207 4671 de
1221 4618 1334 4690 quelque
1347 4619 1447 4690 grande
1458 4619 1560 4684 chaine,
1573 4619 1638 4672 dont
1647 4612 1742 4686 lepicle
1752 4607 1796 4679 plut

207 4687 307 4754 0⁰d⁰¹t
325 4693 386 4746 oliui
401 4694 528 4749 edebatur
541 4697 643 4766 πλείστη
657 4697 705 4752 ’στι
725 4701 796 4770 χώρα
813 4721 836 4752 κ.
852 4701 880 4752 Σ,
896 4700 931 4772 ἔρ.
952 4702 992 4774 ἔχ,
1040 4697 1210 4751 eleveservait
1223 4698 1257 4751 dc
1272 4699 1376 4753 calonne
1386 4696 1423 4751 du
1432 4698 1491 4761 ciel,
1504 4699 1583 4766 στήλη
1595 4715 1630 4750 ou
1641 4695 1697 4748 κιὼν
1707 4687 1794 4760 siparia

207 4767 328 4822 Correxit
344 4771 463 4826 Meinekc
478 4791 484 4826 :
506 4800 516 4821 ι
531 4777 675 4845 Quomodo
689 4777 885 4832 emendandum
897 4782 940 4846 sit,
954 4784 994 4834 in·
1040 4778 1085 4847 qui
1098 4777 1439 4844 saiffllbaunotddemlme
1448 4771 1794 4849 officequet’Artnstt’oust

206 4848 362 4969 quit,'dncet
373 4851 494 4921 Ephorus
502 4873 545 4926 ap.
555 4857 676 4910 Cosmam
686 4856 704 4910 l.
715 4856 733 4910 l.
744 4873 750 4909 :
764 4855 835 4908 Ἔστι
845 4857 887 4928 μὲν
897 4853 940 4912 obv
951 4860 995 4913 οἰκ
1040 4853 1131 4908 l’Etnn
1142 4873 1176 4908 au
1186 4855 1246 4921 sud,
1256 4867 1282 4910 et
1290 4857 1314 4909 le
1323 4861 1436 4910 ίαασαεε
1446 4853 1534 4908 ial’est.
1546 4855 1620 4906 (lette
1630 4849 1703 4914 σπη’λη
1712 4844 1796 4909 teigne

218 4937 261 4971 σον
276 4919 379 4972 ἔκαστον
388 4926 435 4973 τῶν
447 4923 534 4994 ρέρων·
549 4925 614 4980 ἀλλὰ
626 4928 654 4981 ab
666 4927 709 4999 μὲν
724 4933 773 4981 τῶν
785 4927 883 4980 Σκυθῶν
898 4929 939 4981 καί
946 4937 995 4982 τῶν
1039 4951 1089 5005 par
1104 4952 1142 4987 un
1158 4935 1235 5006 point
1247 4935 1356 4991 toutela
1369 4937 1462 4989 chaine
1474 4931 1635 4988 occidentale
1650 4928 1693 4981 des
1703 4923 1796 4993 Alpes&

206 4995 327 5052 Αἰθιόπων
339 4999 437 5070 μεῖζον,
452 5001 481 5053 ab
492 5001 518 5055 δὲ
533 5010 580 5060 τῶν
599 5005 684 5059 Ἰνδῶν
695 5006 736 5059 καί
748 5012 797 5060 τῶν
808 5006 908 5060 Κελτῶν
921 5007 995 5063 ἔλατ·
1040 5012 1086 5066 des
1102 5015 1246 5086 Pyrenees,
1264 5033 1316 5086 que
1328 5026 1395 5070 cette
1403 5013 1560 5086 geographie
1567 5005 1796 5064 conlondaitenuut

206 5093 259 5140 τον,
277 5078 317 5130 καί
327 5077 496 5150 παραπλήσιον
507 5080 619 5154 ἑκάτερον
632 5084 751 5152 ἀλληλοις
766 5085 870 5156 ἔχειτοῦ
880 5087 955 5140 τόπου
967 5089 995 5141 τό
1040 5093 1124 5159 seule,
1138 5112 1172 5147 en
1186 5095 1317 5168 yplaqant
1327 5095 1353 5150 la
1361 5113 1454 5149 source
1465 5094 1500 5147 de
1511 5093 1604 5146 l’lster.
1619 5091 1668 5142 Par
1676 5101 1720 5136 son
1729 5087 1796 5132 σείετ-
1841 5077 1842 5082 ’

208 5155 315 5244 θίίῑίθς·
332 5159 407 5213 aare
419 5159 541 5216 5¹¹³b00·
556 5165 578 5229 ¹,
594 5181 621 5234 P·
635 5165 666 5234 59
679 5183 684 5217 ἱ
699 5165 847 5235 Πρῠσῐίθηῦῑ
860 5166 885 5220 δί
896 5167 996 5240 (Epho-
1041 5174 1103 5225 mite
1122 5191 1180 5226 vers
1195 5174 1342 5241 l'occident,
1360 5187 1426 5230 cette
1439 5174 1550 5229 colonne
1561 5166 1694 5238 s'avanqait
1706 5179 1736 5214 an
1755 5156 1795 5208 inin
