3775 5750
214 308 268 357 atr
719 292 902 353 Ah‘ONl'lll
925 292 1043 371 (rusco
1064 292 1209 353 settim
1231 292 1330 367 Cllll)
1695 297 1801 372 (si-:al

270 422 286 478 ἃ
300 420 327 479 δὲ
342 419 389 491 τὴν
402 420 530 499 παράλιον
543 419 611 485 ἐντὸς
624 419 726 497 ἐπέχειν
737 418 854 497 Ἀδρίου,
1039 429 1101 481 alias
1111 432 1268 483 maritimam
1283 447 1357 482 oram
1375 439 1463 481 tenere
1472 427 1505 481 ad
1521 428 1643 493 Adrimn;

213 530 254 569 tuo
269 510 314 567 καί
327 532 382 565 τινα
394 507 441 578 μίν
454 510 539 565 αὐτῶν
553 510 700 585 βασιλικαῖς
713 508 838 576 ἐξουσίαις
1040 516 1180 571 nonnullas
1197 516 1293 569 horum
1302 516 1424 587 potestati
1433 517 1511 583 regite

268 596 363 664 θαηκό
377 586 461 667 εἶναι,
477 594 536 651 τινὰ
550 593 575 653 δὲ
587 593 632 652 καί
642 594 812 673 μοναρχίαις,
1040 601 1170 671 subjectas
1183 620 1248 665 esse,
1260 600 1387 671 quasdam
1396 602 1476 653 etiam
1487 601 1656 664 monarchiis,

1040 687 1102 739 alias
1114 689 1227 758 pmpriis
1240 689 1279 739 uti
1291 687 1406 756 legibus3
1422 688 1479 756 pios
1489 686 1562 739 ralde

269 773 313 827 καὶ
327 770 425 848 σρόθρα
439 768 552 837 δικαίους
563 769 627 849 pasl
641 769 685 827 καὶ
697 767 858 849 φιλοξένους,
1040 784 1066 825 et
1073 772 1159 842 justos
1169 772 1313 827 admodum
1325 772 1419 825 dicunt
1429 783 1455 825 et
1465 772 1614 845 hospitales,

268 856 419 928 κοινωνικὴν
434 858 547 915 διάθεσιν
558 858 731 932 ἠγαπηκότας
844 928 854 935 ..
1040 860 1194 930 socialisque
1202 860 1436 912 rationisamantes
1449 878 1506 911 esse

214 967 253 1005 tm
269 937 348 1015 εἶναι,
364 945 418 1023 βίον
431 947 523 1013 ζηλοῦν
534 969 560 1003 τε
572 946 764 1021 κοσμιώτατον.
1041 949 1174 1017 vitamque
1187 949 1279 999 sectari
1293 945 1473 999 cultissimum.

269 1033 359 1112 Φάρος
374 1033 398 1091 dl
413 1034 511 1091 τούτων
522 1034 569 1091 οὐκ
582 1033 685 1091 άπωθεν
700 1032 806 1105 κειμένη
1041 1035 1144 1087 Pharus
1155 1035 1189 1088 ab
1198 1036 1239 1088 his
1252 1052 1306 1087 non
1315 1034 1408 1105 procul
1417 1036 1467 1087 sita

266 1128 341 1193 νῆσος
357 1122 465 1199 Παρίων
480 1121 561 1187 κτίσις
574 1121 642 1180 ἐστὶν
652 1118 707 1191 ἥτε
719 1120 846 1197 λεγομένη
1041 1121 1138 1184 insuia,
1150 1123 1287 1174 Pariorum
1297 1138 1382 1191 epus,
1393 1136 1504 1189 quaeque
1512 1118 1611 1175 dicitur

269 1208 389 1268 Μέλαινα
407 1209 538 1289 Κόρκυρ,
553 1209 584 1280 ἣν
603 1208 702 1267 Κνίδιοι
719 1206 877 1287 κατῴκισαν.
1040 1212 1121 1278 Nigra
1133 1210 1258 1279 Corcyra,
1273 1206 1430 1261 Cnidiorum
1444 1208 1545 1261 colonis
1557 1208 1724 1280 frequentata.

266 1294 345 1374 Ἔχει
357 1298 384 1353 δὲ
398 1296 494 1372 λίμνην
507 1286 536 1353 si
547 1296 610 1371 μάλ’
625 1300 641 1365 ί,
656 1294 730 1373 χώρα
745 1294 803 1351 τινοί
1040 1296 1125 1348 liabet
1138 1306 1227 1347 autem
1241 1295 1314 1362 regio
1324 1292 1446 1363 paludem
1456 1294 1589 1363 quandam

215 1405 257 1443 ιιο
271 1382 398 1461 μεγάλην,
409 1386 472 1463 παρ’
486 1386 572 1449 αὐτοῖς
582 1382 630 1453 τὴν
646 1383 769 1461 Λυχνῖτιν
780 1380 931 1459 λεγομένην.
1039 1400 1208 1454 permagnam
1223 1380 1294 1453 apud
1303 1382 1361 1433 illos
1373 1381 1513 1451 lqebnitin
1524 1381 1632 1436 dictam.

270 1469 408 1547 Προσεχὴς
422 1470 448 1527 δὲ
464 1469 540 1539 νῆσός
550 1472 636 1541 ἐστιν,
648 1462 677 1527 οὗ
689 1468 765 1549 pasis
778 1491 845 1535 τινες
1040 1473 1164 1524 Finitima
1178 1470 1262 1522 insula
1274 1480 1323 1533 est,
1343 1470 1370 1520 in
1380 1487 1460 1539 quam
1474 1471 1548 1523 aiunt
1563 1470 1671 1541 quidam

267 1560 373 1615 ίλθόντα
385 1556 521 1633 Διομήδην
536 1560 670 1616 θπολιπιῑν
684 1557 727 1616 τόν
740 1558 806 1635 βίον·
1040 1562 1141 1612 senisse
1153 1556 1309 1611 Diomedem
1324 1556 1413 1627 ibique
1422 1556 1555 1628 reliquisse
1569 1561 1666 1620 νίιιιιπς

266 1642 322 1701 tlon
334 1645 389 1701 lori
404 1646 547 1721 diopuldum
558 1645 639 1723 ταίτη
651 1644 777 1721 τοῦνομα.
1039 1648 1111 1700 unde
1121 1645 1272 1700 Diomedes·
1281 1645 1344 1698 huie
1355 1664 1452 1699 nomen
1463 1656 1511 1699 est.

266 1730 350 1810 Ὑπὲρ
367 1732 393 1789 dl
405 1731 510 1799 τούτους
522 1733 572 1791 ciui
586 1735 681 1813 Βρῦγοι
694 1732 835 1812 βάρόαροι.
1039 1734 1178 1806 Superbos
1189 1745 1251 1787 sunt
1264 1736 1342 1805 Brygi
1357 1734 1472 1787 barbari.

214 1839 256 1877 ts
273 1818 342 1896 Πρὸς
358 1823 389 1899 τῇ
403 1820 518 1897 θαλάττῃ
532 1820 554 1877 δ’
564 1819 634 1878 ἔστιν
645 1821 817 1896 Ἐπίδαμνος,
830 1820 905 1885 πόλις
1042 1822 1082 1875 Ad
1097 1840 1169 1875 marc
1181 1840 1244 1875 rero
1255 1834 1294 1874 est
1303 1822 1465 1893 Epidamnus
1477 1821 1541 1875 urbs

267 1903 407 1981 Ἱίλληνίς,
423 1907 455 1978 ἣν
473 1908 586 1987 Κόρκυρ’
601 1910 735 1967 ἀποικίσαι
750 1910 830 1968 δοκεῖ.
1039 1912 1147 1973 Graec,
1159 1926 1238 1979 quam
1250 1910 1364 1979 Corcyra
1377 1908 1527 1961 condidisse
1539 1908 1654 1963 ridetur.

268 1992 352 2071 Ὑπὲρ
368 1993 395 2052 δὲ
410 1994 523 2073 Βρύγους
535 1994 682 2074 Ἰἰγχιλειοι
696 1996 829 2075 λιγόμινοι
1040 1997 1123 2066 Super
1131 1998 1230 2065 brygos
1244 1995 1367 2048 Enchelei
1381 1992 1444 2046 dieti
1456 1995 1586 2059 habitant,

265 2084 394 2157 οἰκοῦσιν,
409 2072 445 2139 ίαν
457 2081 551 2161 ίπῆρξι
566 2086 610 2141 καὶ
626 2084 731 2159 Κάδμος
741 2082 815 2143 ποτέ,
1039 2083 1136 2151 quibus
1151 2080 1413 2153 imperavitCadmus
1427 2081 1500 2135 olim.

267 2160 315 2236 Οἷς
327 2170 506 2250 πλησιόχωρός
521 2172 589 2229 ἐστιν
606 2171 785 2247 Ἀπολλωνία,
1040 2172 1088 2221 His
1100 2169 1210 2223 finitima
1223 2182 1262 2222 est
1276 2169 1425 2240 Apollonia,

212 2277 252 2315 ιιιι
272 2258 440 2335 Κορκυραίων
450 2280 477 2316 τε
490 2258 534 2316 καί
547 2259 690 2337 Κορινθίων
699 2258 797 2329 κτίσις,
1039 2256 1239 2308 sminthiorum
1248 2256 1499 2326 Corcyraeorumque
1511 2273 1595 2327 opus,

267 2343 388 2417 Ἱίλληνὶς
401 2344 509 2425 Ὦρικός
523 2368 551 2403 τι
563 2348 689 2425 παράλιος
701 2347 782 2411 πόλις·
1041 2352 1066 2394 et
1080 2342 1338 2405 Orieus,'maritima
1351 2341 1415 2393 urbs
1429 2342 1535 2405 Crucem

266 2432 293 2500 ἐξ
306 2432 383 2492 Ἰλίου
395 2434 445 2513 γθιρ
459 2433 631 2511 ίπαναίγοντος
646 2434 753 2499 uttam
1041 2429 1132 2480 et1¹5⁰
1142 2445 1255 2497 nmque
1266 2426 1405 2479 redeuntes
1417 2428 1578 2479 Esslmssws

265 2520 395 2592 κτίζουσι,
409 2520 604 2599 κατινιχθίντες
616 2524 666 2579 ὑπὸ
681 2524 731 2579 τῶν
743 2521 912 2597 πνευμάτων.
1041 2513 1176 2576 tonilum,
1195 2511 1274 2565 dcliii
1288 2512 1349 2565 iiiuc
1363 2514 1456 2565 venii&

264 2606 377 2666 Ἔπειτα
389 2612 557 2687 Θεσπρωτῶν
570 2631 597 2665 τε
610 2608 714 2665 καὶτῶν
727 2608 835 2669 Χαόνων
1042 2602 1143 2655 Deinde
1152 2603 1371 2673 Thesprotiorum
1380 2613 1407 2655 et
1420 2602 1558 2655 Chaonum

210 2717 251 2755 ιιι
265 2698 324 2765 ἔθνη
337 2704 453 2753 κατοικεῖ
467 2695 579 2773 βάρόαρ·
591 2702 621 2753 οὐ
634 2694 713 2753 πολὺν
724 2697 812 2753 τόπον.
1040 2706 1128 2767 gentes
1139 2694 1256 2748 barbare
1269 2694 1388 2747 habitant
1400 2713 1454 2747 nou
1465 2695 1577 2747 multum
1587 2694 1688 2748 locum.

1763 2829 1800 2838 —a

211 2915 299 2984 illyria
320 2915 401 2982 magis
424 2932 513 2966 versus
540 2917 746 2985 septentrionem
765 2917 887 2986 pertinet,
913 2935 997 2988 quum
1041 2917 1083 2968 καλ
1107 2917 1230 2986 Ιλρῦγοι...
1257 2915 1304 2968 εἰσί
1321 2913 1348 2968 δὲ
1372 2915 1442 2975 ἔθνος
1459 2913 1577 2983 προσεχὲς
1598 2911 1737 2982 Ἰλλυριοῖς.
1759 2916 1768 2979 4
1785 2943 1814 2950 -

212 2995 299 3046 Bulini
322 2995 349 3045 in
374 3011 404 3046 ea
420 2992 588 3046 collocentur.
608 2995 619 3062 ΙΙ
636 3024 671 3034 -
693 2997 755 3063 419.
783 2995 902 3064 παραλίαν
925 2995 998 3048 dedit
1042 2997 1104 3057 436.
1119 2997 1282 3067 Epidamnus
1291 2994 1398 3047 condita
1411 2993 1454 3046 Ol.
1468 2993 1511 3054 38,
1528 2991 1716 3054 4οοοΈιιοείι.
1725 2991 1813 3043 (Aaron.

211 3071 369 3126 Meinelsius.
380 3103 415 3113 -
425 3075 487 3136 425.
499 3073 630 3139 ζηλοῦντας
639 3072 700 3126 cod.
715 3075 725 3142 ll
740 3104 775 3114 -
785 3078 846 3136 426.
858 3075 996 3146 scymnus,
1041 3075 1110 3128 Vide
1120 3074 1232 3128 Diodor.
1245 3077 1308 3139 llll,
1319 3091 1364 3138 2ο,
1375 3073 1422 3143 qui
1429 3073 1629 3141 Corcyraeorum
1639 3079 1667 3121 et
1677 3070 1813 3122 Corinthio

212 3170 291 3222 quem
306 3150 452 3223 Stephanus
478 3171 503 3205 υ.
528 3151 608 3221 Πάρος
629 3153 713 3216 norit,
730 3152 797 3204 hanc
819 3153 929 3206 insulam
944 3172 997 3206 non
1041 3173 1102 3208 rum
1117 3155 1247 3208 coloniam
1267 3154 1342 3207 dicit.
1366 3148 1582 3220 ct.tt1ucyd.t,
1596 3148 1812 3211 24.Strabol‘ll,

211 3233 326 3285 Pharum
337 3229 382 3283 sed
399 3235 510 3294 Parum,
528 3249 613 3302 neque
625 3231 791 3304 Illyriorum,
808 3232 852 3284 sed
866 3233 998 3286 Liburno-
1041 3251 1068 3304 p.
1085 3236 1148 3287 316.
1168 3233 1294 3304 stephan.
1316 3235 1377 3302 Βγτ.
1395 3249 1421 3283 ν.
1442 3230 1588 3300 Δυρράχιον.
1605 3227 1815 3281 tacut-uocum

211 3328 270 3363 rum
285 3310 362 3362 dixit.
379 3311 390 3378 44
402 3337 438 3351 -
448 3311 509 3372 431.
522 3311 667 3366 Diomedea
676 3311 760 3366 insula
775 3313 801 3364 in
815 3310 908 3382 Illyriae
923 3310 998 3363 litore
1042 3316 1090 3374 111,
1104 3331 1132 3384 p.
1147 3314 1208 3376 345.
1221 3312 1352 3380 44-437.
1366 3309 1475 3380 ίγχίλιοι
1486 3307 1548 3362 eod.
1564 3309 1598 3358 V'.
1613 3317 1671 3360 not.
1681 3306 1716 3358 ad
1729 3306 1813 3376 Scyhc.

210 3407 358 3460 nusquam,
376 3401 505 3460 quantum
516 3392 580 3456 scio,
598 3402 775 3456 memoratum
791 3390 926 3443 Diomedis
937 3407 1000 3461 pro·
1042 3395 1057 3458 ς
1072 3394 1115 3444 25.
1136 3393 1147 3462 ΙΙ
1163 3392 1271 3458 -439,
1286 3412 1296 3438 ι
1314 3391 1365 3460 Ipsi
1378 3388 1550 3460 Apolloniatae
1561 3405 1589 3440 se
1602 3385 1636 3443 ab
1650 3384 1768 3456 Apolline
1777 3384 1816 3434 de·

212 3469 367 3522 montorium
397 3469 465 3522 inter
486 3471 601 3524 Tariona
628 3471 762 3524 castellum
786 3479 812 3522 et
837 3469 998 3538 Tragurium
1041 3468 1135 3522 ductos
1161 3487 1216 3522 mse
1241 3467 1343 3537 gloriati
1363 3477 1425 3519 sunt
1455 3465 1464 3535 (
1486 3467 1620 3536 Epigram.
1644 3482 1688 3536 ap.
1715 3465 1814 3516 Pausan.

212 3551 222 3616 (
235 3551 325 3617 Trou)
338 3546 466 3617 oppidum
478 3547 557 3601 habet
574 3547 673 3602 Plinius
685 3551 734 3612 111,
747 3553 791 3600 26.
803 3549 905 3616 Quodsi
917 3566 998 3601 unam
1042 3550 1077 3612 V,
1092 3565 1136 3613 22,
1150 3548 1346 3621 a).Stephanus
1357 3565 1379 3599 s.
1391 3565 1417 3598 ν.
1428 3545 1530 3617 Ιίίγτὶοο
1541 3555 1681 3598 camantea
1691 3543 1817 3596 incolum

213 3645 244 3678 ex
257 3625 372 3696 parvulis
390 3625 494 3688 insulis,
508 3643 566 3698 quae
578 3625 707 3695 adjacent,
723 3628 817 3679 Noster
829 3627 936 3695 intelligi
952 3645 997 3678 νο·
1042 3628 1130 3694 relect,
1144 3629 1213 3680 inter
1226 3646 1294 3697 qum
1303 3627 1436 3697 precipue
1449 3623 1560 3677 notandi
1569 3622 1709 3687 Enchelei,
1724 3622 1815 3678 Bnlici,

213 3705 272 3768 luit,
287 3715 357 3756 certe
371 3704 531 3774 periegeseos
543 3703 664 3756 ordinem
682 3705 807 3774 neglexit3
825 3705 895 3758 haud
909 3705 999 3758 minus
1042 3707 1165 3778 aliique(
1179 3709 1215 3761 V.
1230 3709 1265 3760 Ο.
1284 3705 1389 3759 Miller.
1407 3704 1546 3759 Macedon.
1561 3721 1589 3774 p.
1604 3704 1638 3756 88
1655 3703 1676 3773 ).
1694 3705 1719 3755 A
1733 3704 1816 3769 Con}-

214 3782 346 3851 negligens
366 3791 431 3846 erat,
447 3783 468 3834 si
490 3781 606 3835 indicare
627 3782 722 3848 voluit,
736 3795 767 3836 ut
780 3783 903 3854 equidem
920 3794 996 3856 puto,
1042 3789 1099 3840 raeis
1109 3788 1242 3858 praecipue
1250 3785 1319 3838 hanc
1327 3785 1456 3837 coloniam
1471 3785 1644 3836 constitutam
1655 3799 1713 3833 erse
1724 3792 1815 3833 eertum

214 3860 351 3914 Diomedis
361 3859 470 3912 insulam
485 3878 544 3930 quae
557 3861 590 3913 ad
602 3859 731 3930 objectam
745 3863 824 3916 Italiae
835 3881 908 3916 oram
919 3881 998 3935 supra
1041 3868 1141 3938 est,qui
1148 3878 1245 3929 tamen,
1253 3863 1325 3934 quod
1333 3863 1441 3916 coloniae
1452 3863 1535 3914 lacere
1542 3861 1815 3924 assueret-unctium

213 3941 365 4010 Garganum
377 3939 590 4010 promontorium
611 3941 660 3992 sita
679 3951 728 3994 est.
750 3941 849 3995 Plinius
872 3945 920 4008 111,
937 3944 971 3998 30
990 3960 996 3996 τ
1041 3963 1055 3995 ο
1074 3947 1157 4015 patria
1166 3943 1265 4014 majore
1278 3942 1495 4008 advomvcrunt(
1509 3940 1633 4010 Gylacem
1646 3939 1760 4010 appellat
1771 3941 1815 3990 Ste-

215 4018 510 4091 conrnrApulumtims
521 4017 670 4082 Diomeden,
686 4019 999 4092 conspicrromommrcnto
1041 4024 1159 4093 phanus,
1175 4040 1259 4093 aquo
1282 4021 1412 4093 oppidum
1436 4021 1524 4090 primo
1542 4018 1649 4090 Gylacia
1671 4017 1744 4070 dieta
1762 4019 1816 4068 siti.

214 4096 348 4150 Diomedis
360 4099 370 4165 (
382 4095 447 4149 hod.
462 4098 512 4149 ins.
527 4098 635 4151 Tmmilr'
647 4098 668 4169 ).
680 4098 722 4152 Cf.
735 4100 864 4152 Antonin.
878 4098 939 4151 Lib.
953 4101 996 4168 375
1041 4107 1128 4170 Quem
1147 4107 1209 4173 quia
1227 4101 1375 4172 complures
1396 4100 1525 4154 Corinthii
1541 4099 1657 4151 comitati
1678 4107 1741 4148 sunt
1754 4099 1764 4161 (
1772 4097 1817 4146 Ste-

212 4175 359 4229 'l'rctmsad
373 4179 437 4246 Lyc.
454 4177 516 4230 603.
537 4177 752 4249 602381rabop.
778 4181 836 4240 124.
853 4178 915 4230 215.
931 4181 996 4242 2843
1041 4183 1121 4252 phan.
1142 4185 1163 4251 ),
1181 4192 1208 4234 et
1222 4183 1364 4251 sorcyram
1382 4181 1503 4232 Corinthi
1526 4179 1606 4231 filiam
1618 4175 1818 4229 Periandertum

212 4256 305 4310 AElian.
317 4257 351 4310 N.
363 4259 396 4310 A.
419 4257 442 4318 1,
460 4273 482 4308 ι.
495 4286 531 4296 -
544 4258 643 4328 Brygos
664 4259 733 4311 inter
749 4257 861 4330 populos
881 4256 999 4328 illyricos
1041 4263 1090 4315 sub
1098 4263 1210 4334 imperio
1222 4261 1325 4313 tenebat
1340 4261 1494 4328 (Plutarch.
1509 4262 1609 4311 Deser.
1621 4275 1648 4308 n.
1660 4255 1735 4307 rind.
1750 4275 1772 4308 c.
1783 4258 1817 4322 Ji.

213 4339 294 4408 Epiro
308 4338 472 4407 propinquos
484 4348 599 4389 recenset
611 4337 715 4403 Strabo,
728 4341 789 4404 Vll,
804 4339 855 4392 326
873 4337 939 4403 :Tire
950 4337 998 4408 γὰρ
1041 4350 1112 4409 patet
1132 4359 1181 4392 eur
1194 4337 1364 4409 Thucydides
1381 4337 1390 4409 (
1405 4341 1427 4400 l,
1443 4341 1477 4392 28
1498 4341 1508 4406 )
1523 4337 1646 4406 aliique(
1661 4336 1714 4388 Dio
1728 4336 1820 4387 caesim

217 4415 368 4486 Ἐπιδάμνου
388 4414 490 4480 καὶτῆς
510 4413 673 4478 Ἀπολλωνίας
696 4419 767 4488 μέχρι
786 4423 835 4470 τῶν
860 4417 998 4488 Κεραυνίων
1041 4421 1114 4482 XLI,
1128 4419 1176 4483 45;
1192 4419 1260 4471 Plin.
1274 4419 1323 4482 111,
1337 4417 1370 4469 23
1383 4421 1460 4485 )eam
1480 4416 1679 4468 Corinthiorum
1698 4414 1818 4465 coloniam

213 4495 365 4564 ὐπεροικοῦαι
380 4493 511 4555 Βυλλίονίς
524 4513 550 4546 τε
565 4495 606 4546 καί
620 4495 765 4547 Ταυλάντιοι
778 4497 945 4567 καλΠαρθῖνοι
958 4499 998 4549 καλ
1041 4497 1236 4568 appellaverint.
1252 4497 1445 4564 (Communem
1460 4497 1523 4550 Cor.
1533 4507 1558 4547 et
1572 4497 1772 4564 (crepantum
1783 4509 1819 4542 co·

213 4573 304 4642 Βρῦγοι
315 4572 323 4643 (
334 4572 419 4642 Βρίγοι
429 4584 455 4625 et
466 4572 563 4644 Φρόγοι
577 4571 655 4625 codd.
664 4572 673 4643 )
683 4573 761 4644 Apud
774 4573 897 4644 Apollon.
909 4575 997 4628 llhod.
1042 4574 1138 4628 lonium
1147 4574 1244 4628 diserte
1254 4575 1346 4627 dieunt
1356 4575 1484 4646 Scymnus
1493 4584 1519 4626 et
1527 4573 1621 4626 Strabo
1628 4574 1691 4635 ΚΠ,
1706 4589 1734 4640 p.
1746 4571 1793 4622 316
1803 4572 1817 4631 l.

214 4651 263 4713 IV,
274 4651 326 4702 330
336 4653 413 4720 chgi
425 4653 504 4705 etiam
516 4651 549 4705 ad
563 4652 684 4705 intimum
695 4650 822 4704 Adriatici
834 4654 906 4704 sinus
916 4671 998 4704 reces·
1042 4651 1092 4704 Sed
1102 4663 1212 4705 matrem
1224 4654 1365 4725 soreyram
1385 4653 1545 4723 profitentur
1562 4651 1664 4703 nummi
1676 4667 1779 4702 vaccam
1791 4647 1821 4695 ri-

214 4745 273 4779 sum
286 4741 475 4794 memorantur,
489 4731 620 4801 siqnidem
631 4731 744 4784 Colchus
756 4731 882 4802 Absyrtus
890 4750 921 4783 ex
930 4735 999 4784 Istro
1043 4732 1127 4783 tulum
1142 4732 1297 4799 laetantem,
1313 4735 1340 4784 in
1358 4751 1447 4785 aversa
1460 4749 1546 4784 aream
1566 4732 1593 4782 in
1605 4740 1731 4800 quattuor
1743 4737 1820 4798 partis

214 4807 242 4857 in
253 4805 415 4859 Adriaticum
432 4825 503 4861 mare
516 4807 655 4862 deveniens
673 4808 740 4862 duas
749 4811 846 4880 reperit
864 4807 999 4879 ’.λρτέμιθος
1042 4811 1191 4877 dissectam,
1210 4831 1290 4883 quam
1304 4813 1395 4865 hortos
1413 4811 1516 4866 Alcinoi
1529 4809 1660 4880 appellant
1672 4809 1711 4860 rei
1730 4808 1821 4858 numi*

214 4883 350 4956 Βρυγηίδας
363 4885 470 4954 νήσους(
481 4889 632 4958 Apsyrtides
646 4891 708 4942 insa.
722 4892 746 4957 )‚
758 4890 785 4940 in
796 4905 907 4958 quarum
918 4889 999 4944 altera
1044 4893 1234 4963 matioeeperiti,
1243 4891 1403 4944 exhibentes.
1415 4893 1468 4944 ·G.
1477 4893 1603 4943 illusura.
1611 4887 1821 4957 DercpCorcpr.

214 4965 345 5029 ναθςοιαῐ,
357 4965 384 5016 ti
398 4965 453 5016 ποτ’
466 4964 564 5036 ἔδειμαν
578 4965 692 5038 Ἀρτέμιδι
702 4969 791 5038 Βρυγοὶ
802 4969 948 5037 περιναιέται
957 4969 999 5023 ἄν·
1042 4989 1070 5041 p.
1086 4974 1127 5024 18.
1142 4970 1255 5024 Condita
1266 4983 1305 5024 est
1318 4972 1386 5023 circa
1399 4971 1506 5041 Olymp.
1518 4972 1562 5032 48,
1578 4985 1602 5032 1,
1624 4968 1663 5019 uti
1676 4965 1780 5032 colligas
1795 4982 1820 5014 οι

214 5046 340 5114 τιπίρηθεν
355 5047 406 5112 (vs.
420 5047 494 5112 470).
510 5045 609 5099 Eadem
621 5065 683 5116 gens
702 5048 779 5098 etiarn
797 5048 824 5099 in
844 5049 1000 5104 Macedonia
1044 5051 1187 5115 Plutarch,
1196 5050 1318 5104 Strabon.
1327 5051 1345 5102 l.
1357 5051 1374 5102 Ι.
1383 5061 1409 5102 et
1418 5053 1530 5103 Pausan.
1539 5049 1588 5110 Vt,
1599 5064 1644 5111 22,
1654 5048 1723 5099 mv.
1734 5043 1821 5097 Raoui-

214 5123 357 5176 habitabat.
366 5125 401 5175 V.
410 5121 503 5176 Strabo
513 5141 538 5194 p.
551 5125 601 5193 327
613 5135 638 5177 et
648 5125 772 5194 Stephan.
782 5142 787 5176 :
799 5125 868 5196 Βρόξ,
880 5127 908 5180 τό
919 5127 998 5192 ἔθνος,
1044 5132 1125 5183 llnelr.
1147 5133 1201 5195 lll,
1214 5147 1241 5201 p.
1263 5131 1314 5192 348
1344 5131 1355 5197 ΙΙ
1368 5161 1403 5169 -
1417 5133 1479 5192 441.
1492 5128 1587 5188 ιὀοικός,
1601 5125 1662 5180 cod.
1675 5127 1710 5178 V.
1727 5121 1821 5177 netad
