3775 5750
122 385 212 462 Μ]
605 375 789 435 PERIPLUS
811 374 926 435 llhlllS
951 375 1172 435 ERYTilRAEl.
1668 392 1724 442 209

9 513 11 516 ’
109 514 292 597 χυὸςρνῆτης,
308 507 474 578 κατανοήσας
490 505 537 576 τήν
549 506 617 565 θέσιν
631 509 682 564 τῶν
702 505 834 585 έμπορέων
848 507 893 565 καὶ
939 513 1027 584 gendo
1039 513 1225 578 conficiebant,
1241 515 1343 583 primus
1354 525 1441 567 autern
1456 516 1582 587 Hippalus
1599 518 1726 588 guberna·
1827 560 1832 569 .

105 606 137 664 τὸ
149 607 243 684 σχῆμα
252 603 298 671 τῆς
309 596 452 666 θαλάσσης,
463 595 508 653 τὸν
520 593 562 652 ht
572 593 699 673 πελάγους
709 593 793 672 ἐξεῦρε
802 597 893 668 πλοῦν,
937 606 991 658 tor,
1005 593 1143 646 observato
1155 595 1207 646 situ
1217 595 1397 664 emporiorum
1411 606 1438 648 et
1457 595 1549 649 habitu
1564 599 1661 661 maris,
1681 616 1726 650 na·

106 697 155 775 rip'
172 683 202 751 αθ
216 689 262 748 καὶ
278 687 391 751 τοπικῶς
405 685 434 742 ἐκ
448 688 494 742 τοῦ
509 685 626 740 ὠκεανοῦ
647 681 803 761 φυσώντων,
824 683 893 742 κατὰ
939 675 1096 742 lihatlffllem
1115 691 1163 744 Pel
1177 673 1259 725 allum
1279 673 1467 727 imbuendam
1490 677 1600 728 invenlt·
1637 680 1727 744 Quare

68 800 76 808 .
104 781 152 840 τὸν
167 801 257 857 καιροὶ]
269 779 320 834 τῶν
335 774 398 851 παρ»
413 775 495 849 ἡμῖν,
512 770 621 842 ἐτησίων
635 771 661 827 γ,
677 773 714 849 τῷ
729 770 830 850 Ἰνδικῷ
844 793 891 828 m,
937 756 1027 817 etiam‚
1038 769 1121 823 quum
1134 769 1184 823 pro
1195 751 1314 805 locorum
1326 754 1438 816 ratione,
1450 755 1550 818 etesia,
1566 754 1660 808 eodem
1673 773 1727 826 quo

71 908 85 942 η
105 869 185 948 λάγει
207 869 221 924 ὁ
240 863 371 928 λιόόνοτος
386 860 506 942 φαίνεται
526 857 682 937 [immolor]
701 857 892 935 προςονομάζε-

937 830 1008 902 apud
1025 848 1073 881 nos
1094 830 1158 882 liant
1171 840 1302 901 tempore,
1316 850 1348 884 ex
1363 834 1468 885 Oceano
1480 833 1580 904 spirent
1592 835 1619 885 in
1635 834 1726 904 pelago

215 951 267 1010 ἀγ
300 955 317 968 ,,
488 947 494 968 ,
572 951 587 965 .
650 945 656 962 ,
730 944 757 1012 ἐγ
845 944 851 966 ,
937 906 1044 968 Indico,
1059 905 1191 991 libonotus
1204 918 1297 988 rentus
1311 908 1461 959 nominatus
1477 927 1531 959 csse
1545 907 1649 962 videtur
1662 911 1728 980 Hip·

28 1084 33 1093 .
106 952 331 1116 :tutin
350 967 895 1115 θθέθίθρῖῗτθθῗῖτ,θῖἰθὲζ
937 979 1728 1127 {3233(‘¹⁰1¹;‘21¹2¹¹;¹‘3313„3¹¹tgqffihugpregr*qr

9 1177 13 1190 ι
106 1129 223 1188 tutem
238 1129 346 1201 lieris,
361 1122 428 1192 ruis
443 1122 470 1183 δέ
482 1102 596 1180 talem
610 1120 768 1200 Ἀρωμᾶτων
779 1119 895 1200 ἀφιέντες
937 1095 1054 1184 sauma
1067 1133 1147 1195 Cane,
1159 1073 1201 1183 alit
1215 1131 1249 1182 ab
1261 1073 1727 1204 arbonamidbidmoniiitolioberii

9 1199 11 1208 Ι
109 1221 135 1276 οἱ
159 1216 205 1295 μέν
228 1217 265 1282 αἶς
278 1211 426 1292 Διριυρικήν
438 1210 559 1277 πλέοντες
571 1209 614 1268 ἐπὶ
626 1210 713 1266 πλεῖον
728 1206 895 1288 τ’ραχηλῖζον·
939 1217 995 1271 tes,
1010 1206 1142 1278 siquidem
1156 1207 1304 1276 Limyriocn
1316 1207 1424 1278 petituri
1439 1218 1519 1273 sunt,
1532 1207 1633 1260 diutius
1651 1208 1727 1261 oblu-

105 1327 151 1372 τες
188 1306 212 1362 oi
233 1302 260 1360 δέ
282 1304 318 1368 εἰς
332 1303 372 1360 Βα
396 1300 403 1321 ’
424 1303 474 1366 αζα
494 1298 521 1357 οἵ
537 1321 565 1357 τε
580 1301 614 1364 εἰς
634 1296 747 1356 Σκυθίαν
762 1297 790 1354 οὐ
806 1298 894 1354 πλεῖον
938 1294 1053 1346 “lumb
1073 1284 1114 1334 ⁵5⁰
1134 1283 1161 1334 λῃ
1182 1285 1311 1352 Barygaza
1326 1294 1352 1335 θλ
1370 1284 1503 1353 5⁰5¹th
1517 1282 1649 1349 Ῑθῦἆῑῑῐῑῑι
1671 1303 1726 1337 ⁰⁰¹¹

60 1345 88 1381 ¹⁰
104 1391 124 1462 ἢ
144 1349 215 1472 ,ἐρεῖς
234 1387 335 1468 ἡμερας
355 1323 493 1464 ἀεέχωσι
508 1385 552 1442 κα]
572 1385 601 1442 τὸ
614 1383 704 1442 pomp„
718 1382 895 1464 παρεπγφορον
939 1357 1008 1410 ulna
1020 1357 1140 1410 triduum
1151 1367 1244 1409 contra
1255 1359 1387 1421 nituntur,
1400 1367 1427 1410 et
1438 1358 1539 1428 reliquo
1549 1369 1667 1430 tempore
1683 1377 1727 1412 ασ-

147 1479 154 1498 ,
300 1475 306 1496 ,
365 1475 395 1506 ,μ
467 1477 484 1492 ,,
509 1471 545 1505 Ι,
610 1475 618 1496 ,
805 1477 822 1491 „
938 1432 1130 1484 commodatum
1148 1430 1181 1482 ad
1197 1433 1362 1502 propositum
1379 1449 1487 1484 cursum
1506 1452 1524 1484 o
1538 1444 1607 1498 tergo
1622 1445 1728 1486 aratum

106 1502 173 1560 “W
183 1479 248 1537 ἴδιον
261 1477 356 1556 δόλων
409 1477 439 1532 ἐκ
452 1497 498 1542 “¹⁴
509 1494 597 1551 λωραλ
609 1470 704 1550 ”inimi
719 1469 762 1528 διὰ
779 1493 822 1530 ²⁰⁰
833 1470 895 1538 ἔξιθ’
939 1507 1022 1569 nacti,
1037 1506 1127 1558 relicto
1136 1515 1220 1556 tractu
1233 1505 1327 1557 litorali
1340 1507 1367 1557 in
1377 1505 1430 1557 alto
1441 1506 1541 1576 longea
1553 1517 1624 1560 terra
1634 1509 1728 1560 remoti

106 1571 152 1625 θεν
173 1570 222 1645 liii
235 1565 418 1643 παθαπλέουσῑ
439 1559 499 1629 τοὺς
515 1558 716 1640 προειρημένους
729 1560 850 1626 κόλπους·
939 1581 1085 1651 praedictos
1096 1581 1159 1632 istos
1172 1581 1245 1631 sinus
1257 1581 1461 1650 praetcrvehuut.

148 1674 189 1715 αν.
204 1651 267 1712 ’hal
277 1649 304 1709 δέ
318 1653 441 1730 Βακᾱρῆς
450 1648 481 1706 τὸ
492 1647 631 1725 lsqo'psror
645 1645 749 1727 Πυρρλν
759 1644 815 1724 ὄρος
827 1645 894 1724 ἄλλῃ
980 1657 1024 1710 58.
1044 1659 1106 1709 Post
1119 1657 1234 1708 Becaren
1251 1656 1369 1726 Pyrrhus
1381 1659 1435 1709 sire
1448 1655 1533 1709 Rufus
1550 1675 1628 1710 mons
1638 1675 1727 1711 versus

65 1780 92 1818 ,η
109 1739 227 1820 παρήκει
249 1738 326 1819 χώρα]
348 1737 405 1817 τῇ*
417 1759 465 1806 xit<
487 1735 527 1807 n*
542 1731 666 1813 Παραλῖᾳ
686 1733 816 1811 λεγομένῃ
831 1731 896 1812 πρὸς
940 1742 1079 1796 meridiem
1098 1741 1250 1794 extenditur
1264 1740 1342 1811 juxta
1357 1743 1435 1795 aliam
1452 1744 1588 1812 regionem
1601 1743 1729 1797 Par-aliam

107 1829 190 1886 αὐτὸν
203 1826 247 1886 τὸν
269 1826 340 1885 νότον
358 1826 403 1900 liv
418 1815 436 1902 ᾗ
449 1820 496 1881 καὶ
513 1819 677 1896 κολύμθησίς
694 1824 764 1878 ἐστιν
787 1819 838 1877 ὑπὸ
849 1819 893 1876 τὸν
940 1827 1038 1881 dictam
1049 1817 1091 1896 (in
1112 1845 1164 1897 qua
1182 1828 1261 1879 etiam
1277 1828 1477 1896 margaritarum
1498 1839 1536 1881 est
1557 1830 1730 1900 piscatio'snb

109 1915 223 1994 βασιλέα
239 1913 371 1975 Πανδίονα
387 1915 489 1970 πινικοῢ
503 1909 549 1968 καὶ
567 1908 641 1974 πόλις
655 1911 672 1979 ή
684 1908 812 1985 λεγομένη
824 1906 894 1966 Κόλ-
940 1933 1002 1984 rege
1008 1913 1160 1979 Pandione,
1170 1924 1249 1984 atque
1258 1913 1322 1966 urbs
1333 1914 1424 1967 Colchi
1434 1916 1573 1997 nomine.)¹
1589 1918 1693 1970 Primus
1702 1919 1730 1970 in

107 2011 182 2086 χοι.)
208 2005 317 2083 Πρῶτος
333 1999 410 2067 τόπος
428 1996 530 2058 Balita
545 1994 704 2072 καλούμενος
720 1994 800 2075 όρμον
813 1993 894 2052 καλὸν
940 2020 973 2054 eo
988 2011 1074 2054 tractu
1090 2001 1164 2054 locus
1182 2001 1264 2054 llalita
1277 2012 1396 2065 vocatur,
1413 2003 1519 2054 narium
1530 2004 1670 2056 stationem
1682 2003 1728 2056 ha-

108 2093 180 2171 έχων
194 2089 239 2151 καλ
253 2088 347 2166 κώμην
359 2085 583 2166 παραθαλάσσιον·
599 2083 653 2142 ἀπὸ
667 2082 694 2142 δέ
712 2083 811 2153 ταύτης
824 2081 894 2140 ἐστὶν
940 2085 1180 2141 benscommodam
1190 2087 1330 2156 vicumque
1339 2086 1510 2139 maritimum.
1547 2089 1610 2140 Post
1619 2088 1729 2142 Balitam

112 2339 175 2409 pir?
188 2339 243 2406 ή-
253 2337 277 2388 3.
289 2336 452 2406 φυσώντων
470 2333 549 2386 κατὰ
562 2333 617 2386 τὀν
632 2334 757 2402 καιρόν]
770 2336 901 2402 φυσώντων
939 2354 972 2388 ex
989 2334 1158 2405 sequentibus
1170 2335 1250 2388 rerba
1270 2338 1314 2401 τῆς
1330 2337 1413 2404 χώρας
1427 2335 1479 2387 huc
1490 2334 1647 2387 retrahenda
1666 2336 1728 2400 sint,

110 2425 162 2470 τῶν
172 2416 236 2471 πατὰ
245 2415 328 2486 καιρόν
340 2413 400 2467 eod.
412 2413 509 2485 ἀνέμων
518 2431 568 2485 pro
579 2417 627 2466 τῶν
640 2410 711 2481 conj.
722 2414 844 2481 Wagner
856 2430 898 2482 ap.
939 2415 1024 2467 deleta
1039 2414 1166 2486 particula
1179 2413 1219 2480 έκς
1235 2426 1305 2467 ocrte
1327 2415 1393 2466 mira
1410 2424 1450 2465 est
1468 2413 1609 2467 verborum
1628 2412 1727 2467 redun-

112 2500 275 2554 Fabricium.
298 2496 484 2568 Bernhardyus
497 2495 567 2566 conj.
589 2497 722 2566 φυσώντων
742 2493 820 2564 [καὶ]
837 2491 899 2546 κατὰ
939 2493 1029 2547 dantia
1038 2495 1066 2546 in
1077 2496 1132 2547 istis
1147 2512 1153 2545 :
1165 2494 1192 2548 ἐκ
1204 2498 1247 2561 τῆς
1259 2495 1341 2565 χώρας
1351 2492 1441 2564 ώθηλολ
1449 2492 1490 2544 διὰ
1499 2497 1542 2545 τοῦ
1553 2492 1615 2564 (τῆς
1626 2492 1728 2562 codex)

109 2580 195 2651 καιρὸν
214 2584 263 2632 τῶν
282 2578 337 2648 παρ’
358 2575 419 2648 ήμῖν
435 2576 556 2643 ἐτησίων,
579 2575 653 2647 quod
664 2575 751 2628 sensui
769 2576 810 2626 vix
827 2575 899 2626 satis·
940 2571 1028 2634 ἔξωθεν
1036 2577 1091 2644 γῆς.
1107 2573 1228 2626 Stucltius
1239 2573 1415 2626 etHudsonus
1423 2572 1512 2625 locum
1523 2573 1559 2626 ita
1566 2572 1692 2626 exhibent
1701 2575 1728 2625 in

111 2660 184 2712 lacit.
200 2661 325 2712 Moruron
338 2666 451 2720 ventus,
467 2656 512 2726 qui
524 2671 571 2726 per
583 2663 697 2706 aestatem
712 2651 756 2704 ssat
765 2670 797 2704 cx
808 2653 898 2704 oceani
940 2651 1027 2704 latinis
1044 2669 1063 2703 z>
1076 2676 1087 2696 «
1108 2651 1312 2722 Interquosqui
1323 2651 1482 2721 Limyricam
1494 2660 1588 2720 petunt
1596 2650 1729 2721 aliquanto

109 2737 186 2808 plaga
200 2737 269 2789 inter
282 2734 420 2788 meridiem
433 2744 460 2787 et
473 2744 591 2786 austrum
603 2731 690 2784 media
702 2731 841 2783 etesiarum
852 2748 898 2781 no·
940 2729 1049 2794 diutius,
1060 2728 1102 2782 alii
1113 2731 1159 2800 qui
1169 2730 1195 2781 in
1207 2732 1363 2800 Barygazam
1374 2729 1412 2780 vel
1424 2728 1556 2799 Scythiam
1566 2729 1730 2782 contendunt

111 2817 184 2868 mine
195 2824 357 2868 memoratur
370 2814 449 2866 etiam
468 2813 501 2865 ab
514 2813 629 2868 Arriano
644 2812 671 2863 in
682 2809 743 2862 Iud.
757 2827 801 2875 ar,
816 2825 839 2872 ι,
852 2808 899 2861 ubi
930 2821 998 2860 'non
1013 2808 1125 2881 amplius
1146 2809 1231 2860 tribus
1253 2808 1347 2860 diebus
1368 2818 1576 2870 conrmorontum
1598 2807 1729 2880 reliquum

109 2896 246 2949 Nearchus
258 2894 292 2948 ab
310 2893 379 2948 Indo
398 2910 459 2946 oum
478 2892 557 2945 classe
575 2891 708 2963 proiectus
723 2908 778 2942 esse
792 2889 898 2954 dicitur,
941 2890 1067 2959 temporis
1078 2890 1105 2939 in
1116 2889 1225 2959 proprio
1241 2905 1319 2940 eursu
1339 2885 1504 2939 conficiendo
1512 2898 1683 2952 consumunt,
1702 2899 1729 2941 et

109 2986 251 3047 postquam
262 2973 293 3027 τὰ
306 2972 389 3040 έτήσια
400 2972 527 3043 πνεύματα
542 2970 678 3041 ἐκοιμήθη,
693 2967 749 3033 άδὴ
759 2972 806 3021 τοῦ
821 2970 900 3039 θέρεος
940 2984 974 3018 ex
994 2969 1101 3037 regione
1114 2966 1207 3018 excelsi
1227 2983 1274 3037 per
1293 2976 1389 3018 terram
1407 2975 1542 3017 externam
1562 2965 1726 3037 supradictos

108 3052 155 3119 τήν
166 3056 233 3125 ὥρην
251 3056 331 3107 πᾶσαν
343 3052 441 3121 κατέχει
459 3050 485 3103 la
497 3053 541 3103 τοῦ
559 3048 682 3119 πελάγους
703 3046 846 3101 ἐπιπνέοντα
861 3046 900 3099 ἐπὶ
941 3046 1014 3097 sinus
1020 3045 1258 3115 praetervehuntur.
1273 3068 1284 3090 ι
1295 3046 1335 3095 Ex
1343 3043 1429 3096 latinis
1440 3042 1597 3108 Stucltianis,
1613 3054 1643 3095 ut
1650 3044 1726 3110 solet,

110 3132 157 3199 τὴν
171 3137 228 3205 γῆν.
242 3132 283 3185 Cl.
296 3131 333 3183 id.
351 3130 436 3184 Λητὼ.
447 3131 496 3193 vt,
512 3146 557 3194 αι,
576 3146 600 3193 ι,
614 3128 659 3180 ubi
674 3125 807 3179 decadem
823 3144 851 3179 re
863 3126 900 3178 lo·
941 3122 1194 3192 pendetVincentns
1205 3125 1241 3174 ΙΙ.
1253 3139 1281 3192 p.
1301 3124 1352 3183 468
1365 3132 1469 3173 vertens
1477 3121 1512 3173 ita
1524 3137 1531 3173 :
1551 3145 1561 3166 ι
1576 3120 1729 3175 Thosethat

109 3228 214 3283 quens:
234 3210 258 3263 ol
273 3208 322 3281 γὰρ
338 3207 431 3275 ἐτήσιοι
449 3209 550 3279 ἄνεμοι,
574 3208 671 3276 inquit,
687 3209 816 3275 κατεῖχον,
832 3206 856 3257 ol
869 3204 899 3271 δή
941 3218 986 3253 ατο
1003 3200 1128 3253 intended
1146 3200 1188 3253 sor
1206 3199 1342 3253 Limurilte
1360 3200 1466 3267 waiting
1477 3217 1550 3251 some
1565 3200 1628 3252 time
1639 3200 1729 3253 before

111 3294 143 3361 τῇ
155 3292 206 3361 ώρᾳ
219 3289 299 3360 breim
311 3287 339 3339 οθ
350 3289 457 3358 καθάπερ
469 3288 525 3358 παρ’
535 3286 597 3357 ἡμῖν
610 3284 651 3338 ἀπ’
666 3286 765 3355 ἄρκτου,
782 3284 839 3336 ἀλλ’
853 3284 900 3337 άπὸ
941 3279 1003 3349 they
1015 3280 1076 3343 sail;
1089 3279 1137 3331 but
1143 3279 1218 3331 those
1227 3279 1284 3331 that
1292 3296 1337 3330 are
1348 3277 1467 3330 destined
1477 3277 1518 3330 lor
1530 3279 1671 3347 Barugara,
1682 3279 1729 3331 sel-

111 3371 155 3433 τῆς
170 3366 280 3439 μεγάλης
292 3364 416 3432 θαλάσσης
430 3365 493 3417 κατὰ
505 3365 577 3417 νότον
589 3363 696 3435 μάλιστα
708 3364 799 3433 ἄνεμον
814 3363 900 3415 ἵσταν·
941 3357 1005 3409 dom
1022 3376 1095 3419 more
1110 3358 1174 3411 than
1186 3358 1261 3410 three
1274 3357 1347 3427 days.
1365 3381 1376 3403 ι
1400 3356 1480 3424 Quod
1498 3356 1634 3427 quomodo
1646 3357 1728 3429 expli·

110 3465 161 3501 ται.
182 3446 274 3498 Etesiae
293 3462 319 3497 m
341 3446 407 3497 mari
426 3443 619 3497 mediterraneo
640 3442 703 3494 llant
716 3442 777 3494 inde
789 3442 823 3494 ab
838 3452 899 3494 ortu
941 3435 1055 3488 mudum
1069 3447 1153 3506 putet,
1167 3436 1238 3508 apud
1251 3437 1338 3507 ipsum
1349 3434 1426 3504 legas.
1443 3440 1453 3506 Ι]
1464 3465 1500 3476 -
1513 3452 1555 3489 ιο.
1572 3437 1604 3487 οἵ
1617 3454 1650 3489 τε
1666 3436 1726 3509 εἰς]

111 3525 251 3587 caniculae,
265 3522 376 3594 ideoque
390 3522 485 3576 eodem
495 3534 613 3595 tempore
624 3521 660 3575 ibi
673 3531 791 3592 regnant,
806 3538 859 3591 quo
868 3539 901 3574 es
941 3514 966 3569 ot
979 3515 1006 3569 δέ
1016 3514 1048 3578 εἰς
1059 3516 1120 3570 cod.
1135 3517 1146 3585 ή
1160 3546 1196 3556 -
1209 3532 1250 3569 ιι.
1264 3515 1423 3585 παρεπίρο
1432 3515 1502 3585 ρον]
1515 3514 1674 3586 παρεπίρερον
1684 3534 1728 3567 oo-
1810 3558 1818 3571 .

110 3623 209 3658 oceano
223 3604 287 3657 llant
300 3620 348 3675 per
362 3620 434 3655 maro
448 3602 582 3656 Indicum.
610 3604 620 3672 ΙΙ
639 3632 676 3643 -
690 3602 715 3653 5.
739 3601 848 3662 έππαλος
862 3602 902 3653 in·
941 3595 1003 3648 dex.
1017 3600 1104 3651 Locus
1115 3594 1210 3648 lacuna
1221 3594 1331 3647 laborat.
1345 3595 1442 3646 Sensus
1451 3595 1535 3664 poscit
1549 3611 1555 3645 :
1567 3595 1729 3666 mpsalpopor

110 3684 190 3735 serui.
214 3684 225 3751 Ι]
240 3712 275 3723 -
294 3682 616 3753 προσονομάζεσθαι]
642 3682 853 3751 προσονομάζετατ
875 3680 901 3733 δέ
941 3676 1000 3746 πρὸς
1014 3672 1077 3728 ῐθιον
1092 3676 1184 3746 δρόμον
1205 3672 1306 3745 ἔχοντες
1324 3673 1426 3743 άνεμον.
1442 3672 1583 3726 'Excidisse
1604 3674 1730 3728 nonnulla

112 3762 198 3817 codex
204 3784 212 3829 ;
228 3764 339 3817 mutavit
359 3764 507 3818 Salmasius.
522 3762 573 3816 Sed
592 3764 630 3816 uti
651 3764 730 3816 etiam
747 3762 798 3815 alio
821 3762 901 3815 verbo
941 3753 1066 3807 videntur
1077 3773 1109 3807 eo
1124 3752 1197 3825 quod
1211 3753 1261 3805 alia
1276 3770 1415 3824 perperam
1430 3752 1498 3805 illata
1516 3763 1587 3805 suut.
1602 3755 1612 3823 Ι]
1622 3784 1658 3796 -
1671 3753 1729 3809 άπὸ

110 3852 204 3894 auctor
217 3842 313 3911 potuit,
335 3842 467 3913 siquidem
488 3842 626 3894 verisimile
641 3853 678 3894 cst
695 3841 759 3894 illud
778 3860 901 3913 τροσαγο-
942 3832 971 3885 δέ
986 3834 1148 3905 nezem]
1169 3832 1209 3886 ἀπ’
1227 3830 1366 3903 έλαόαλαθθ
1386 3830 1481 3884 ⁰⁰d01·

111 3922 205 3991 ρεθεται
223 3921 250 3974 δὲ
262 3920 310 3975 όπθ
323 3922 378 3974 κτλ.
395 3939 426 3975 ex
440 3932 502 3975 nota
518 3922 654 3991 marginali
669 3922 694 3972 in
710 3920 831 3973 ordinem
844 3939 901 3972 ver·
979 3917 1049 3981 558,
1062 3913 1080 3966 l.
1098 3918 1140 3977 ιή.
1156 3914 1230 3983 ὄρος
1240 3912 1429 3985 άλλῃπαρῆκε
1443 3914 1515 3982 χώρα
1529 3932 1558 3979 τη
1570 3912 1638 3979 κηςή
1653 3933 1729 3983 παρα-

111 4000 208 4053 borum
221 4001 364 4071 irrepsisse.
383 4002 394 4069 ll
416 4031 452 4041 —
471 4020 497 4069 9.
513 4000 789 4069 τραχηλέζοντες]
804 4000 901 4065 chcre
942 3992 982 4044 δια
995 3991 1129 4064 λεγομένη.
1149 3996 1181 4045 In
1201 3992 1299 4045 ultimis
1318 3992 1427 4044 sortasse
1440 3991 1488 4059 leg.
1506 3995 1537 4062 τῇ
1555 3991 1597 4043 καὶ
1618 3992 1730 4063 Παραλίᾳ

107 4078 229 4148 juberem
244 4078 453 4150 τραχηλῖζονται,
472 4079 552 4131 modo
568 4080 661 4130 scirem
674 4076 739 4146 quid
758 4077 807 4129 sibi
827 4076 901 4128 vellet
942 4070 1076 4143 λεγομένῃ.
1088 4070 1220 4138 Articulus
1233 4070 1248 4136 ἡ
1261 4070 1366 4122 ddditus
1375 4080 1514 4139 postquam
1526 4068 1629 4121 dativus
1643 4072 1670 4122 in
1683 4090 1730 4123 no-

112 4174 163 4209 vox
177 4168 222 4209 aut
242 4157 378 4227 quomodo
401 4155 567 4211 emendanda
580 4168 655 4210 essct.
677 4158 773 4208 Sensim
794 4155 843 4207 loci
858 4155 901 4207 bic
943 4152 1097 4203 minativum
1116 4150 1224 4203 abierat.
1243 4148 1295 4201 Scd
1309 4150 1393 4219 possis
1408 4149 1486 4199 etiam
1507 4148 1585 4217 εόρος
1604 4149 1646 4199 καὶ
1663 4150 1728 4217 άλλη

110 4254 167 4287 esse
179 4236 244 4287 mihi
257 4235 370 4289 videtur.
382 4238 436 4305 Qui
450 4237 587 4306 Limyrirae
598 4246 691 4305 portus
710 4234 842 4304 petebant,
854 4251 901 4303 per
942 4233 1034 4299 παρῆκε
1052 4232 1123 4298 χώρα
1137 4227 1271 4297 ἐπιμήκης,
1288 4226 1304 4292 ἡ
1319 4228 1350 4278 ll.
1367 4225 1392 4277 λ.
1413 4227 1423 4294 Ι]
1439 4254 1475 4265 -
1489 4230 1531 4277 16.
1554 4225 1585 4278 έν
1601 4223 1616 4297 ᾖ
1632 4228 1693 4280 καὶ.
1703 4269 1727 4282 ..

111 4314 193 4366 altum
214 4314 363 4384 navigantes
379 4314 515 4385 hippalum
534 4324 643 4366 rentum
659 4332 712 4365 non
735 4324 836 4382 atergo
855 4313 900 4366 sed
942 4308 1084 4378 Κόλχοι]
1098 4310 1160 4359 llzrc
1177 4326 1239 4358 mox
1254 4308 1355 4377 aptiore
1367 4305 1426 4358 loco
1440 4316 1596 4371 recurrunt,
1616 4308 1660 4360 bic
1670 4327 1729 4379 per·

111 4410 187 4463 paene
211 4410 226 4445 a
251 4393 331 4447 latore
356 4392 450 4446 dextro
473 4392 615 4458 habebant,
639 4410 725 4462 quum
747 4402 818 4444 recta
847 4391 900 4445 sere
941 4407 1032 4459 peram
1053 4387 1121 4440 illata
1142 4404 1197 4437 esse
1212 4396 1287 4455 puto.
1307 4389 1318 4455 Ι]
1343 4415 1380 4426 -
1396 4384 1478 4437 Ball
1486 4385 1541 4455 τα]
1565 4384 1640 4437 Idem
1657 4386 1730 4439 locus

112 4488 203 4523 versus
214 4484 303 4525 ortum
318 4474 367 4526 iter
378 4474 409 4525 iis
421 4470 553 4537 tenderct;
567 4473 607 4525 bis
620 4473 699 4541 igitur
710 4472 840 4540 navigatio
851 4473 899 4523 im·
945 4468 1085 4521 Ptolemaeo
1098 4464 1239 4535 Βάμμαλα,
1255 4476 1285 4519 ut
1296 4479 1398 4518 censeo.
1411 4466 1452 4517 Ita
1461 4463 1609 4529 habetVH,
1633 4482 1656 4530 1,
1673 4485 1689 4534 9
1704 4483 1710 4517 :

111 4548 227 4621 peditior
240 4562 305 4615 crat,
321 4554 374 4604 sire
389 4555 459 4605 recti
478 4570 525 4623 per
537 4552 618 4604 altum
638 4553 665 4602 in
675 4551 829 4622 *Limyriccn
843 4561 898 4601 ten·

111 4628 175 4680 dere
195 4628 345 4694 studebant,
368 4633 422 4684 sive
439 4634 555 4702 primurn
585 4648 674 4683 versus
703 4629 898 4701 Indoscythiam
943 4672 1074 4744 ,Ελαγκὼν
1090 4670 1205 4741 gurm„
1220 4667 1372 4739 (salicara)
1474 4668 1684 4734 near-14⁰

1103 4712 1137 4742 Ι,
1342 4710 1347 4720 .

112 4706 279 4775 navigabant,
294 4720 320 4761 ct
332 4710 395 4762 binc
413 4728 486 4763 oram
504 4709 629 4779 legebant
642 4708 779 4761 rncridicrn
793 4728 896 4774 versus;
939 4752 1061 4821 Κοτῃάρα
1110 4769 1124 4801 τ
1139 4750 1212 4802 &ok
1238 4748 1393 4817 (μοσχι-πρ)
1473 4750 1536 4798 mo
1594 4754 1685 4812 -¹l⁰

111 4794 284 4839 contravero
302 4788 380 4857 liqui
399 4808 413 4841 a
433 4787 896 4859 (IaneinlndosrpthiamrclBary-
942 4769 1170 4902 quamnim·
1213 4770 1224 4809 ς
1270 4793 1275 4801 ’
1360 4787 1366 4799 ’
1475 4826 1731 4893 121⁰2o'—14⁰15'

111 4866 383 4935 garacoutendebant,
393 4870 507 4939 primunr
521 4868 627 4939 quidem
639 4867 812 4939 pertriduum
823 4886 897 4919 oram
944 4882 1450 4981 Κοχμαργαᾶχρονκαγπόλχγὼχχοήη)
1475 4910 1537 4959 121⁰
1545 4906 1731 4970 45¹—13030‘

940 4594 1070 4646 Μέλκυνδα
1472 4587 1731 4644 120⁰ao'—13⁰ao'

112 4944 230 5013 legebant
241 4946 364 5019 usquead
375 4949 500 5018 Syagrum
510 4950 723 5019 promontorium
739 4950 749 5015 (
760 4958 788 4999 ut
802 4966 833 4998 cx
846 4947 898 4998 Pli-

112 5024 158 5075 nio
170 5026 218 5089 vl,
230 5026 281 5091 al,
299 5044 348 5082 τοο
360 5027 498 5099 colligas);
515 5028 578 5079 hinc
590 5037 677 5079 autem
690 5045 774 5097 quum
791 5026 897 5078 boream
943 5026 982 5076 Ut
999 5024 1028 5074 in
1040 5033 1139 5075 anteco.
1160 5021 1313 5075 Ptolemaeus
1329 5018 1464 5071 intervalla
1482 5018 1599 5071 locorum
1617 5022 1729 5073 nimium

112 5118 202 5155 versus
212 5122 257 5157 ora
271 5104 429 5172 flecteretur,
441 5118 495 5159 tota
509 5108 533 5159 νί
545 5106 643 5177 hippali
656 5107 726 5158 ronti
739 5116 840 5159 utentes
853 5122 900 5175 per
945 5105 1028 5167 ausit,
1045 5104 1082 5153 sio
1097 5104 1125 5153 in
1137 5101 1189 5154 hoc
1203 5112 1288 5154 tractu
1299 5100 1369 5152 ultra
1378 5098 1487 5151 modum
1499 5101 1639 5153 contraxit.
1653 5102 1730 5154 Man·

111 5181 194 5233 altum
205 5182 339 5237 celerrimo
352 5184 401 5237 itcr
410 5184 586 5238 absolvebant.
598 5184 716 5236 Verbum
728 5183 855 5253 ἀντέχουσι
866 5184 901 5236 ita
947 5194 1036 5235 nortus
1049 5183 1085 5243 V,
1111 5198 1135 5243 r,
1147 5199 1175 5251 p.
1190 5186 1241 5232 216
1251 5178 1383 5231 Barnmala
1398 5177 1478 5230 bodie
1493 5196 1548 5230 csse
1566 5190 1640 5250 putat
1653 5184 1731 5233 Mon·

113 5257 221 5329 intelligi
234 5264 314 5332 possit
325 5273 353 5316 ut
363 5262 537 5335 supplendum
551 5264 582 5315 sit
598 5267 640 5329 τής
650 5266 695 5333 γῆς
705 5284 711 5325 ;
723 5282 752 5315 nc
767 5264 853 5315 nescio
868 5280 900 5315 an
944 5262 1006 5334 poly
1014 5262 1098 5313 virum
1108 5280 1160 5312 non
1169 5260 1244 5329 longe
1255 5260 1289 5311 ab
1298 5263 1423 5324 Αιιεοιιμα
1429 5257 1535 5310 boream
1544 5276 1632 5311 versus
1639 5260 1727 5323 situm,
