3775 5750
221 602 222 605 Ὗ
330 464 817 594 exopinor
1082 392 1113 447 ⁶
1152 460 1652 643 promisit

382 749 459 810 ἸῸΥ
481 744 760 807 ΚΑΛΛΙΦΩΝΤΟΣ
1199 738 1489 804 catttuflotttts
1512 740 1607 800 IIILII

203 964 497 1045 ΑΝΑΓΡΑΦΗ
536 961 648 1039 ΤΗΣ
684 958 940 1039 ΕΛΛΑΔΟΣ.
1066 952 1433 1034 DESCRIPTIO
1460 948 1745 1032 GRAECIAE.

541 1222 608 1236 ῃ
1375 1224 1438 1237 Ρ.-

233 1394 288 1454 Art
301 1390 417 1467 παντὸς,
433 1380 455 1449 ii
471 1388 642 1471 Θεόφραστε,
656 1387 776 1465 καθάπερ
788 1376 862 1445 οἶσθα
877 1386 925 1463 σύ,
1011 1397 1489 1470 semper‚·1·h009hmm‚sieutnosu
1501 1406 1541 1459 tu,

232 1482 298 1539 ίδιόν
311 1504 336 1538 τι
351 1480 484 1550 πλάττων,
499 1477 574 1555 κούχὶ
588 1476 633 1533 τὸν
646 1474 741 1554 ἐτέρων
751 1474 839 1545 πόνον,
1011 1488 1148 1556 proprium
1161 1483 1261 1555 aliquid
1273 1483 1383 1553 lingens,
1393 1498 1479 1553 neque
1487 1482 1599 1534 aliorum
1610 1480 1731 1538 laborem

231 1571 297 1647 ὅπερ
310 1567 371 1625 ἔνιοι
383 1566 484 1624 τοιοῦτ’
499 1567 613 1639 έμαυτοῶ
624 1562 755 1637 τιθέμενος
1012 1574 1106 1645 (quod
1119 1574 1238 1627 nonnulli
1251 1574 1370 1641 Iaeiunt)
1384 1573 1450 1624 mihi
1462 1570 1614 1633 vindicans,

233 1662 278 1713 νῦν
293 1654 420 1733 ἱστόρηκα
432 1651 479 1720 τὴν
492 1650 600 1709 ἅπασαν
611 1650 746 1720 Ἑλλάδα,
1012 1679 1084 1712 nunc
1092 1661 1200 1730 exposui
1215 1660 1365 1711 universam
1374 1659 1503 1711 Graeciam

209 1738 449 1817 ῐθπῡταττῦμένας
463 1736 547 1816 ταύτῃ
559 1735 588 1795 δὲ
602 1735 648 1803 sl<
662 1736 720 1805 ἕξῆς
733 1734 830 1805 πυλᾶν,
1011 1757 1039 1799 et
1054 1745 1282 1817 subjectaseiquae
1294 1744 1489 1814 deincepssunt
1498 1742 1593 1806 urbes,

233 1830 363 1908 στοιχεῖον
375 1828 422 1886 οὐκ
435 1825 550 1903 ἄμουσον
561 1823 620 1901 ἅμα
630 1827 652 1883 θ’
665 1824 822 1894 Ἑλληνικόν
1010 1834 1170 1888 elementum
1180 1851 1235 1886 non
1247 1830 1385 1885 indoctum
1396 1841 1422 1883 et
1432 1831 1555 1884 Gnaeum
1567 1829 1656 1893 sImuI,

234 1918 327 1989 ἱκανήν
341 1938 369 1975 τι
384 1914 501 1994 παρέχω
513 1912 650 1995 διατριόὴν
664 1920 716 1978 τοῖς
728 1909 882 1987 δυναμένοις
1012 1923 1193 1993 idoneumque
1199 1940 1254 1993 quo
1263 1931 1367 1991 tempus
1377 1928 1464 1972 remur
1475 1920 1587 1971 scientes

230 2008 314 2083 ὀρθῶς
324 2005 433 2063 συνιδεῖν
448 2002 558 2063 ἕκαστα.
571 1998 615 2061 'I’h
628 1998 679 2077 γάρ
692 2001 719 2057 ἐν
729 1999 846 2057 πλείοσιν
1012 2020 1082 2061 recte
1090 2009 1191 2077 singula
1201 2024 1370 2076 cognoscere,
1382 2007 1449 2059 Nam
1462 2004 1612 2075 quintasius

237 2092 288 2151 ίιπὸ
299 2095 351 2150 τῶν
361 2093 483 2149 παλαιῶν
497 2088 668 2168 συγγραφέων
682 2087 822 2166 εἰρημένα,
1011 2095 1082 2168 „pud
1092 2096 1232 2166 scriptores
1245 2104 1345 2146 vetem
1354 2101 1583 2155 memoriensem,

194 2203 220 2240 ιο
232 2180 309 2238 ταῦτ’
321 2178 458 2258 ἐμμέτροις
470 2175 591 2259 paidos?
604 2179 630 2234 lv
644 2180 738 2253 βραχεῖ
750 2174 847 2253 χρόνῳ,
1011 2200 1044 2233 ea
1058 2181 1176 2234 versibus
1189 2180 1312 2233 dicentur
1321 2179 1393 2231 brevi
1408 2188 1540 2249 tempore3

238 2266 302 2347 ὅπερ
314 2267 384 2324 ἐστίν
392 2270 488 2331 ἱκανῶς
500 2267 611 2339 δύναμιν
623 2262 734 2341 ἰσχυρὰν
748 2261 818 2339 ἔχον·
1012 2269 1085 2339 quod
1098 2269 1207 2340 quIdem
1222 2270 1275 2321 vim
1284 2266 1357 2320 haud
1372 2266 1509 2321 minimam
1518 2264 1605 2319 babet.

234 2352 414 2430 θπολαμόάνω
426 2354 477 2432 γὰρ
491 2352 615 2431 ἀσφαλῶς
626 2354 691 2425 ἡμῖν
704 2349 777 2427 ἔχειν
1013 2357 1142 2411 Existimo
1152 2358 1224 2409 enim
1241 2356 1299 2407 sine
1306 2354 1380 2424 lapsu
1391 2352 1468 2405 uobis
1477 2353 1616 2404 recensitas

235 2441 339 2500 κεῖσθαί
347 2463 377 2499 τι
387 2438 434 2506 τθς
444 2441 561 2514 μάλιστα
570 2436 716 2513 θιασήμους
729 2438 828 2507 πόλεις,
1012 2448 1163 2516 positasque
1173 2462 1229 2497 ease
1239 2443 1319 2497 urbes
1330 2460 1384 2512 prae
1397 2441 1490 2494 ceteris
1504 2441 1633 2510 insignes,

237 2529 322 2603 ἄλση,
334 2527 479 2605 ποταμοὺς,
492 2526 585 2598 νήσους
593 2547 623 2585 τε
636 2524 694 2591 τοὺς
707 2526 831 2589 διάπλους
843 2546 871 2582 τι
884 2521 929 2582 καί
1013 2550 1139 2597 nemora,
1154 2532 1265 2594 fluvios,
1279 2528 1391 2591 insulas,
1404 2526 1527 2599 trajectus
1535 2538 1561 2580 et

195 2639 221 2677 ts
234 2616 356 2695 λιμένας,
368 2615 386 2673 ά
397 2618 420 2674 τ’
434 2614 504 2675 ἐστὶν
516 2617 542 2672 ἐν
559 2611 755 2692 Πελοποννήσῳ
766 2613 828 2688 γένη
1013 2629 1115 2688 portus,
1130 2635 1241 2687 quaeque
1253 2616 1281 2667 in
1292 2614 1473 2685 Peloponneso
1483 2624 1574 2683 gentes

233 2704 363 2783 λεγόμενα
374 2703 537 2783 χῶμορσῶντ’
551 2704 653 2766 ἑαυτοῖς
666 2699 734 2757 κατθ
747 2700 856 2769 τόπους,
1013 2714 1194 2759 memorantur
1204 2703 1267 2755 Iocis
1277 2700 1328 2753 sibi
1342 2700 1455 2753 invicem
1471 2700 1652 2765 conterminae,

236 2791 280 2851 Ira
296 2790 363 2869 μηθὶ
373 2790 400 2847 έν
415 2812 445 2847 σε
458 2788 489 2847 τό
500 2787 607 2847 σύνολον
623 2787 795 2867 διαλανθάνῃ,
1013 2800 1044 2843 ut
1053 2790 1164 2841 omnino
1175 2798 1202 2842 te
1213 2807 1247 2843 ne
1258 2786 1343 2843 hilum
1356 2786 1464 2858 quidem
1475 2786 1563 2850 lateat,

236 2884 354 2960 φανερῶς
366 2877 484 2936 ἑκάστων
498 2876 632 2953 ὁμολόγως
645 2899 674 2934 τι
684 2875 820 2952 κειμένων,
1013 2878 1150 2931 manifeste
1162 2875 1271 2946 singulis
1281 2887 1307 2928 et
1318 2878 1506 2930 convenienter
1519 2879 1659 2956 expositis,

234 2967 299 3028 ὥστ’
310 2965 478 3025 ἀναλαόόντα
493 2965 538 3024 καί
549 2963 592 3022 ddi
604 2963 711 3041 μνήμης
726 2962 806 3042 ἔχειν·
1013 2974 1045 3019 ut
1055 2965 1101 3034 qui
1109 2963 1228 3033 relegerit
1236 2963 1362 3015 memoria
1370 2963 1449 3014 etiam
1462 2973 1558 3016 teneat.

193 3076 226 3127 τι),
235 3053 334 3135 νωθράν
349 3053 400 3134 γὰρ
412 3054 461 3132 οὐχ
474 3041 613 3131 εθροιάθν,
627 3052 688 3110 ἀλλ’
699 3050 878 3126 ε’σιιευσμένην
1012 3050 1092 3108 Haud
1103 3051 1174 3103 enirn
1182 3068 1290 3120 segnem
1298 3048 1344 3101 sed
1357 3066 1462 3102 summo
1476 3048 1569 3103 factam
1578 3050 1670 3104 studio
1712 3053 1719 3068 ’

234 3143 282 3216 τὴν
297 3145 497 3223 πραγματείαν·
512 3139 552 3198 θιθ
562 3139 671 3197 σεαυτὸν
687 3137 725 3216 μὴ
739 3138 836 3219 βραδύν
1012 3139 1183 3209 scriptionem
1195 3137 1264 3189 hanc
1277 3137 1401 3207 reperias.
1413 3141 1502 3208 Quare
1516 3147 1597 3189 temet
1606 3138 1753 3209 impigrum

215 3343 380 3396 Διονυσίου
403 3345 460 3394 τοῦ
477 3341 507 3394 Κ.
531 3337 639 3412 άναγρ.
657 3357 681 3394 τ.
705 3338 818 3409 ‘Em
841 3341 907 3409 Quae
930 3357 971 3391 se·
1015 3335 1803 3407 istosversicutoenihilpetineresdeemquemomnesne
1874 3344 1875 3347 ’

178 3433 298 3493 quuntur
317 3422 372 3475 duo
392 3419 536 3490 fragmenta
552 3421 675 3484 metrica,
694 3419 721 3470 in
742 3416 833 3471 codice
852 3419 972 3471 Parisino
1015 3418 1101 3469 ximus
1119 3415 1311 3481 Dicaearchum,
1331 3415 1433 3468 dudum
1447 3418 1497 3468 viri
1509 3415 1581 3468 docti
1593 3432 1803 3488 perspexemnu

179 3519 207 3574 p.
227 3519 285 3566 ιιι,
306 3501 352 3553 Iin.
375 3520 392 3570 9
413 3500 512 3570 absque
532 3498 585 3552 ulla
604 3498 776 3568 inscriptione
795 3497 972 3568 subjiciuntur
1014 3513 1101 3567 neque
1117 3495 1152 3548 de
1165 3495 1375 3566 sltemquodam
1396 3496 1549 3549 Diorearcho
1562 3497 1749 3565 cogitandum,
1761 3519 1805 3552 ne·

180 3579 275 3633 Isidori
291 3579 434 3632 Characeni
450 3577 571 3630 stathmis
590 3577 737 3641 Parthicis,
752 3595 805 3628 non
827 3578 863 3629 ita
884 3586 972 3630 tamen
1014 3576 1107 3646 ‹puead
1121 3576 1270 3646 prosaicum
1282 3575 1456 3643 fragmentum
1468 3573 1495 3626 id
1506 3577 1806 3631 nonxenretmhendunt

181 3669 211 3710 ut
225 3677 279 3710 uno
300 3657 474 3710 exhibeantur
492 3665 592 3708 tenore.
607 3653 839 3722 Quemadmodum
858 3655 928 3706 enim
943 3657 971 3707 in
1014 3665 1061 3705 est.
1076 3656 1192 3722 Quinam
1207 3653 1286 3708 suerit
1296 3653 1437 3724 ἀναγραφῆς
1444 3664 1536 3706 auctor
1547 3655 1575 3706 in
1584 3665 1748 3725 perpetuum
1760 3675 1806 3710 nos

182 3737 315 3806 Anonymi
340 3735 443 3805 Periplo
466 3736 543 3788 Ponti
562 3735 660 3786 Euxini
683 3734 808 3804 prosaicis
827 3733 973 3788 miscentur
1014 3731 1140 3797 latuisset,
1156 3733 1206 3787 nisi
1220 3738 1275 3803 Ipse
1285 3732 1397 3784 artificio
1406 3749 1503 3784 nomen
1514 3749 1592 3784 suum
1605 3732 1738 3788 oblivioni
1752 3749 1805 3790 stu-

182 3816 284 3884 poetica
296 3815 402 3884 Scymni
413 3813 483 3876 Chii,
502 3830 582 3882 quem
595 3811 672 3881 vulgo
689 3811 792 3877 dieunt,
806 3813 843 3864 sic
859 3814 971 3866 trimetri
1014 3810 1113 3864 duisset
1125 3812 1270 3883 subripere.
1285 3811 1418 3864 NImirum
1430 3813 1451 3864 si
1465 3813 1563 3882 primas
1572 3812 1673 3865 litteras
1683 3817 1805 3885 priorum

182 3894 266 3946 nostri
276 3911 337 3946 cum
349 3891 443 3960 eelogis
455 3889 613 3961 quibusdam
625 3909 657 3942 ex
672 3893 789 3960 prosaica
801 3893 909 3946 Graeciae
926 3892 972 3946 de·
1014 3908 1139 3944 versuum
1149 3892 1239 3961 viginti
1251 3893 1344 3955 bium,
1357 3893 1403 3962 qui
1411 3891 1551 3962 insipidam
1561 3894 1732 3946 eonstituunt
1740 3913 1806 3966 pm·

182 3971 324 4040 scriptione
341 3971 429 4040 petitis
445 3971 471 4020 in
492 3986 575 4023 unum
592 3979 655 4022 sunt
668 3969 785 4024 conIIati.
807 3971 883 4025 Prius
904 3970 971 4041 [ινφ-
1014 3969 1150 4035 lationem,
1168 3972 1196 4023 in
1211 3987 1295 4026 unum
1314 3971 1461 4040 collegeris,
1474 3973 1565 4026 titulus
1575 3970 1715 4027 ellicitur:
1732 3977 1806 4028 Διο·

183 4059 301 4102 mentum
316 4049 424 4102 Graeciae
437 4047 640 4119 descriptionem
655 4047 795 4102 adumbrat
808 4049 869 4102 inde
884 4069 898 4106 a
911 4053 972 4104 sinu
1014 4051 1120 4102 νοσίου
1142 4053 1200 4103 τοῦ
1220 4050 1459 4121 Καλλιφῶντος,
1483 4049 1511 4104 id
1525 4049 1598 4122 quod
1618 4054 1726 4121 egregie
1739 4057 1807 4106 eruit

183 4128 325 4182 Ambracio
351 4145 435 4200 usque
458 4127 491 4181 ad
513 4128 639 4180 isthmum
662 4128 841 4183 Corinthium.
869 4131 972 4186 Deinde
1015 4128 1149 4182 Lehrsius.
1168 4130 1179 4198 ΙΙ
1195 4146 1271 4181 -ιι.
1294 4130 1377 4200 ἕτερον
1397 4128 1499 4194 codex;
1514 4147 1566 4184 em.
1586 4130 1723 4184 boschet.
1743 4135 1754 4200 ΙΙ
1772 4163 1807 4175 -
1874 4136 1875 4181 I

182 4207 210 4260 in
224 4205 285 4259 cod.
302 4225 329 4278 p.
347 4211 411 4271 114,
432 4206 449 4260 I.
468 4207 498 4258 1³
518 4208 637 4278 prosaica
652 4218 809 4277 sequuntur,
824 4209 920 4279 quibus
937 4211 972 4264 de
1015 4207 1041 4260 3.
1059 4212 1169 4260 ποιοῦσιν
1184 4207 1257 4273 eod.;
1270 4226 1323 4262 ern.
1334 4207 1466 4264 Meinelxe.
1486 4210 1586 4278 ii-I.
1601 4209 1808 4286 ίοτθρηκαιθοάίι
1874 4232 1875 4279 j

183 4287 268 4339 Attica
277 4297 304 4339 et
312 4287 422 4350 Bmotia,
436 4284 521 4357 deque
535 4286 667 4338 Thessalia
679 4287 788 4340 Grmcire
798 4300 867 4342 recte
879 4305 971 4342 accen·
1013 4287 1284 4360 Μαίνιολοςπεπόρηκα
1297 4287 1379 4341 codex
1386 4307 1394 4351 ;
1407 4289 1534 4354 πεπόνηκα
1552 4287 1622 4358 oonj.
1637 4289 1806 4360 Stephanus,
1873 4294 1876 4361 ζ

180 4364 263 4417 nenda
276 4363 359 4418 fusius
373 4366 524 4435 exponitur.
535 4368 597 4420 Post
610 4365 664 4419 hmo
675 4385 702 4438 p.
718 4383 777 4433 rao,
790 4367 836 4421 Iin.
850 4385 895 4433 ao,
909 4370 972 4422 alte·
1013 4347 1159 4436 reiragante
1170 4377 1264 4420 metro.
1283 4369 1294 4437 ΙΙ
1305 4397 1342 4408 -·
1352 4366 1377 4423 5.
1388 4367 1584 4438 θποταττθμενος
1592 4367 1676 4420 voluit
1685 4372 1722 4422 Α.
1732 4372 1807 4424 Butt·

183 4461 242 4495 rum
254 4444 333 4497 habes
344 4443 518 4513 fragmentum
531 4445 680 4508 metricum,
693 4445 766 4515 qnod
775 4457 814 4498 est
823 4445 856 4498 de
868 4447 969 4502 insulis.
1014 4463 1140 4512 mannus;
1154 4465 1181 4500 τε
1195 4446 1368 4518 proiloonj.
1384 4448 1565 4501 casaubonus.
1578 4446 1628 4509 Τὰς
1646 4446 1701 4514 ἑξῆς
1722 4450 1807 4509 πόλεις
1874 4464 1875 4475 ’

184 4523 242 4575 Fini
257 4523 313 4593 ejus
322 4522 484 4594 adscriptum
496 4523 608 4592 legitur:
622 4525 818 4596 Δικαιάρχου
839 4522 972 4598 drappa-
1013 4525 1127 4594 intellige
1146 4528 1300 4578 Graeeomm
1317 4526 1444 4590 colonias,
1463 4543 1522 4596 quae
1542 4526 1673 4578 aGraecix
1696 4527 1806 4596 prolici-

181 4597 220 4668 φὴ
244 4605 298 4667 τῆς
320 4599 488 4664 'Elisson
513 4605 545 4656 In
574 4603 725 4674 apographo
748 4606 877 4658 Vaticano
903 4605 969 4676 (Iol.
1013 4606 1096 4658 secuti
1110 4607 1138 4658 in
1149 4623 1196 4658 om
1207 4608 1340 4660 maritima
1352 4617 1506 4660 occurrunt.
1520 4607 1625 4674 ΙΙ-θ.
1646 4603 1805 4673 Ἑλληνικῶν

182 4679 235 4732 att
248 4683 259 4747 )
273 4697 321 4732 nec
338 4699 392 4734 non
415 4681 441 4734 in
462 4681 612 4734 Monacensi
628 4683 718 4736 titulus
737 4701 753 4737 a
772 4684 825 4737 fine
843 4683 876 4738 atI
893 4695 971 4755 caput
1013 4684 1086 4750 ood.;
1104 4702 1157 4737 em.
1172 4685 1284 4740 (assub.
1299 4688 1310 4755 II
1324 4715 1361 4726 —
1373 4704 1400 4755 7.
1412 4687 1526 4755 παρέχων
1536 4683 1636 4748 codex}
1648 4701 1703 4738 em.
1719 4687 1805 4740 scribe

182 4757 322 4810 translatus
331 4798 339 4823 ,
349 4758 438 4812 addita
452 4761 585 4814 mentione
596 4760 781 4834 Theophrasti,
794 4781 873 4834 quem
883 4767 972 4834 primo
1013 4766 1155 4837 apographi
1167 4767 1342 4818 Monacensis.
1358 4767 1369 4834 ΙΙ
1386 4795 1422 4806 -
1436 4785 1462 4834 9.
1476 4765 1651 4835 ονγγραφαίων
1663 4764 1729 4818 md.
1745 4768 1756 4835 ΙΙ
1770 4796 1806 4806 -
1874 4822 1875 4837 γ

183 4855 261 4890 versu
273 4848 349 4908 pocta
365 4838 515 4908 alloquitur,
525 4837 592 4894 adio
605 4852 633 4894 ut
651 4842 971 4914 inscriptiositmraoetdp·
1017 4863 1058 4899 ιο.
1073 4845 1192 4915 optem
1200 4845 1537 4916 ccleroypdrpIortasse
1550 4845 1622 4920 λόγῳ
1636 4844 1684 4912 leg.
1699 4846 1806 4915 putarit
1874 4850 1875 4855 ’

182 4936 232 4989 you
253 4913 380 4987 ἀναγραφὴ
400 4921 444 4982 τῆς
466 4916 588 4981 Ἑλλάδος
606 4921 666 4992 πρὸς
684 4923 849 4993 θεόφραστον.
871 4927 971 4978 Versus
1015 4927 1174 4977 Ictmnnus.
1191 4927 1202 4994 ΙΙ
1219 4930 1308 4978 -16.
1322 4923 1590 4995 καὶθμοροθνθάκί,;
1603 4924 1803 4977 cnutonem.

183 4999 211 5050 iu
225 4995 316 5050 oodice
329 4997 446 5050 Parisino
458 5015 511 5050 non
523 4998 639 5053 distincti
651 5002 719 5072 stylo
732 5014 874 5056 exarantur
887 5006 971 5058 conti·
1018 5005 1076 5072 11-
1094 5022 1135 5073 17.
1148 5004 1304 5056 διαλανθάνει
1315 5002 1376 5057 cod.
1391 5006 1402 5073 ΙΙ
1413 5034 1449 5045 -
1463 5021 1505 5072 ¹9·
1517 5003 1547 5074 ἔγ
1558 5003 1619 5056 sod.
1634 5005 1692 5073 ΙΙ-
1702 5017 1750 5058 20.
1765 5002 1805 5056 εθ-

183 5093 255 5140 nuo;
279 5075 305 5129 in
325 5075 444 5130 Palatino
458 5075 526 5128 libio
547 5080 663 5148 primum
685 5079 858 5150 fragmentum
882 5101 970 5136 versus
1014 5084 1150 5153 σκευμένην
1159 5083 1220 5137 cod.
1234 5083 1244 5151 ΙΙ
1256 5101 1344 5136 -οι,
1360 5081 1397 5152 μὴ
1414 5083 1531 5152 βραδθν
1543 5084 1553 5154 ]
1563 5080 1597 5153 μὴ
1609 5081 1685 5152 βραχύ
1695 5081 1804 5146 eodex3

181 5167 315 5228 separatos
334 5155 421 5222 natm,
440 5173 494 5210 nou
509 5157 570 5210 iteni
584 5159 705 5213 alterum.
721 5162 843 5216 Ceterum
859 5164 970 5216 misellos
1014 5182 1066 5216 ern.
1082 5163 1214 5225 IIIeIneIre,
1226 5165 1273 5234 qui
1294 5185 1305 5214 ι
1328 5162 1400 5217 Nihil
1413 5162 1551 5237 proficitur
1564 5159 1718 5219 Boissonudi
1738 5179 1806 5218 eou-
