3775 5750
191 346 317 408 axxyrn

844 320 1142 381 PROLEGOMENA.

189 459 309 516 Gracia
323 453 500 531 geographia
511 451 663 510 llomerica
677 450 727 507 alii
743 449 915 525 logographi
929 450 972 507 lu·
1015 450 1057 509 cis
1073 446 1216 527 ἁνιιγραρλ,
1227 467 1285 505 ιιοιι
1296 461 1370 505 esset
1380 447 1499 505 diversa
1513 466 1528 505 a
1542 449 1651 525 scripto
1664 448 1699 506 de
1713 450 1807 508 llera·

189 556 367 615 calentiores
380 548 584 629 suppetebant.

231 647 473 713 sartacionum
484 643 803 723 Scylacelogographo.
815 644 894 703 hlter
906 643 975 721 Sey·

188 738 973 827 laaCaryandensisestmathematicusetmusicus,qui

191 857 293 901 contra
302 839 422 918 Polybii
436 838 587 897 historiam
600 836 730 913 scripsit,
742 847 862 893 testante
871 833 971 893 Suida.

188 942 253 999 Non
268 939 417 998 diversum
431 934 516 994 abeo
530 954 592 993 esse
615 932 767 1012 Scylacem
790 931 973 989 Halicarnas-

190 1057 283 1112 seum,
304 1035 481 1109 astrologum
503 1045 531 1090 et
556 1032 655 1089 virum
684 1028 827 1100 πολιτικὸν,
853 1029 973 1087 Panaetii

190 1134 361 1191 familiarem
375 1131 422 1211 (ut
434 1129 537 1188 Cicero
553 1132 573 1189 l.
589 1128 611 1187 l.
629 1125 750 1203 tradit),
765 1146 830 1182 cum
846 1124 973 1183 Niebuh·

190 1231 236 1288 rio
249 1230 268 1290 l.
282 1232 303 1289 l.
319 1250 348 1308 p.
369 1228 423 1286 125
438 1240 467 1285 et
485 1222 702 1284 Gutscbmidtio
718 1222 726 1297 l
740 1222 770 1280 in
788 1222 878 1278 lilerio
895 1224 972 1278 Μαι.

193 1330 280 1406 1853,
294 1340 316 1387 t.
333 1325 384 1399 lX,
402 1346 433 1404 p.
451 1324 525 1400 146)
542 1334 650 1380 statuas
668 1318 877 1398 probabiliter.
896 1318 974 1375 Scri·

189 1424 282 1501 psisse
304 1424 391 1482 etiam
408 1421 520 1479 dicitur
534 1418 567 1473 τὰ
587 1415 656 1475 κατὰ
670 1413 847 1493 Ἡρακλείδην
861 1411 904 1469 τὸν
917 1416 974 1471 lllu·

189 1520 278 1578 λασιῗιν
311 1515 435 1597 βασιλέα.
472 1515 651 1572 Memoratur
678 1524 773 1569 autem
806 1509 975 1567 lleraelides

189 1615 310 1692 quidam
327 1612 501 1690 Mylasensis
519 1610 597 1688 apud
619 1608 800 1666 llerodotum
814 1605 848 1676 V,
876 1628 926 1663 ιαι
943 1608 973 1663 in

189 1710 312 1768 historia
332 1708 404 1767 belli
415 1706 520 1765 loniei.
535 1705 649 1763 Etenim
663 1704 753 1762 Cares
767 1716 919 1781 postquam
936 1703 974 1757 ad

190 1803 336 1882 Marsyam
351 1804 475 1863 fluvium
487 1815 516 1860 et
530 1802 636 1859 iterum
651 1800 687 1858 ad
708 1799 891 1857 Labrandaa
905 1798 974 1855 Per·

190 1902 232 1959 sis
250 1900 361 1959 cladem
381 1898 524 1968 tulerant,
545 1895 651 1954 deinde
662 1894 800 1953 damnum
813 1893 843 1951 id
853 1894 975 1952 resarci-

191 2008 308 2053 rerunt.
321 1991 469 2070 Πυθάμινσι
479 1990 530 2071 γάρ
543 1994 579 2057 ὡς
599 1989 786 2070 στρατεύεσθαι
802 1987 939 2065 ὡρμέαται
952 1989 974 2045 οἱ

190 2090 293 2167 ΙΙίρσαι
302 2088 346 2147 ἐπὶ
360 2086 406 2154 τὰς
419 2088 494 2153 πόλις
505 2084 603 2166 opius,
616 2082 747 2163 ἐλόχησαν
759 2081 806 2154 την
820 2085 847 2142 ἐν
858 2081 976 2161 Πηδάσῳ

189 2184 259 2255 ὁδὸν,
273 2185 298 2250 ἐς
312 2181 360 2253 τὴν
370 2181 529 2259 ἐμπεσόντας
547 2184 571 2239 ol
584 2178 687 2259 Πέρσαι
696 2178 787 2244 νυκτὸς
799 2176 975 2256 διεφθάρησαν

190 2279 237 2336 καὶ
246 2277 319 2336 αὐτοὶ
328 2276 374 2336 καί
384 2278 409 2334 ol
418 2275 564 2356 στρατηγοί
573 2277 669 2345 αὐτῶν,
678 2272 811 2351 Δαυρίσης
819 2272 864 2329 καὶ
876 2270 975 2349 Ἀμόρ-

189 2394 237 2447 γης
252 2373 298 2430 καὶ
313 2369 478 2447 Σισιμάκης·
501 2367 548 2427 σὺν
562 2367 590 2426 δι’
609 2390 655 2447 σφι
674 2366 787 2425 anilem
802 2367 847 2424 καλ
871 2365 976 2445 Μύρσος

189 2473 204 2525 ὁ
216 2469 317 2544 Γύγεω.
331 2467 387 2526 Τοῦ
401 2463 428 2523 δὲ
439 2463 521 2543 λάχου
530 2460 623 2521 τούτου
633 2460 739 2539 ἡγεμὼν
749 2454 780 2532 ἦν
794 2457 943 2539 Ἠρακλε
952 2459 977 2517 ί-

190 2564 247 2634 δης
264 2560 473 2633 Ἰὅανάνλιος,
489 2557 771 2637 triplicantur.
797 2556 976 2615 Fortassetle

190 2659 246 2717 hoc
266 2657 429 2729 Heraclide,
446 2657 501 2715 etsi
523 2676 583 2715 non
597 2674 676 2731 rege,
691 2656 801 2713 dixisse
814 2655 975 2731 Scylacem,

192 2776 251 2815 non
267 2775 333 2815 eum
348 2767 444 2811 tamen
466 2772 553 2830 quem
566 2751 669 2810 Suidas
682 2750 780 2820 habet,
794 2751 844 2809 sed
868 2750 976 2828 peripli

190 2864 336 2912 auctorem
346 2851 399 2928 qui
411 2849 521 2908 vixerit
535 2836 668 2926 Philippi
679 2846 871 2925 temporibus,
882 2848 978 2926 suspi-

192 2961 274 3008 catur
294 2944 474 3006 Niebuhn'us
501 2945 520 3001 l.
546 2945 566 3004 l.
590 2963 621 3021 p.
648 2943 876 3003 126.Similiter
902 2943 977 3000 (iut-

191 3041 390 3101 schmidtiusl.
406 3041 427 3098 l.
440 3040 550 3109 statuit,
564 3037 621 3097 nisi
632 3037 711 3115 ‹yaod
722 3036 830 3097 librum
841 3038 932 3096 refert
940 3039 977 3096 ad

191 3139 339 3216 Scylacem
355 3135 427 3196 belli
438 3135 531 3194 lonici
546 3136 698 3212 aequalem.
712 3134 809 3205 Quum
822 3135 895 3192 alter
910 3133 977 3192 lna·

190 3232 268 3294 bolis
289 3233 369 3293 filius
386 3233 500 3292 Oliatus
516 3252 591 3290 unus
616 3231 705 3290 luerit
717 3249 754 3288 ex
770 3227 895 3288 ducibus
907 3229 978 3289 Per·

192 3352 303 3407 aarum,
315 3350 402 3407 quern
415 3349 480 3388 cum
493 3329 559 3388 aliis
571 3328 736 3386 Ionicarum
748 3326 865 3386 urbium
881 3341 979 3404 tyran·

192 3427 238 3486 nis
259 3427 290 3484 in
307 3425 399 3484 classe
413 3423 484 3482 dolo
507 3422 730 3502 comprehendit
750 3421 787 3480 ab
807 3424 977 3497 Aristagora

1017 543 1093 601 elide
1116 560 1202 617 rege,
1222 546 1333 619 quippe
1351 543 1382 599 in
1403 560 1462 617 quo
1476 560 1541 617 quae
1560 540 1596 599 de
1620 543 1674 601 hoc
1700 546 1809 619 regulo

1018 658 1120 717 parum
1137 637 1362 714 rectel‘olybius
1377 656 1509 695 narrasse
1522 638 1682 712 videretur,
1696 641 1808 717 Scylax
1870 640 1871 703 ἶ

1018 746 1185 812 exponeret.
1196 733 1402 811 Mylasensium
1414 734 1546 811 regulum
1555 736 1810 815 illistcmporibus
1870 718 1871 755 l

1020 830 1108 887 luisse
1123 849 1179 886 non
1198 842 1241 887 est
1264 830 1328 886 veri
1354 828 1506 889 dissimile.
1527 828 1597 888 Nam
1610 844 1676 909 post
1691 831 1808 891 bellum
1870 836 1871 843 ’

1020 923 1222 981 Αιιιίοείιίοιιιιι
1236 922 1357 981 {lomani
1367 922 1580 999 Mylasensibus
1590 928 1809 985 inmunitatem

1019 1032 1224 1077 concesserunt
1240 1022 1308 1095 (an.
1327 1018 1390 1075 188.
1402 1016 1506 1094 l‘olyb.
1519 1017 1612 1089 llhll,
1629 1042 1678 1092 27,
1700 1029 1726 1088 a.
1749 1021 1809 1079 Li-

1019 1116 1085 1173 vius
1104 1114 1202 1172 xxxv
1207 1113 1261 1186 lll,
1284 1112 1353 1192 39),
1371 1127 1457 1190 atque
1481 1133 1528 1171 res
1548 1134 1649 1172 eorum
1665 1116 1810 1193 deinceps

1018 1212 1125 1269 eximie
1140 1211 1267 1269 crevisse
1281 1229 1318 1269 ex
1329 1231 1363 1269 eo
1376 1222 1453 1289 patet
1463 1210 1542 1286 quod
1559 1230 1636 1269 anno
1648 1214 1700 1283 167
1715 1212 1810 1289 Myla-

1019 1328 1116 1367 senses
1149 1308 1371 1381 Euromensium
1393 1307 1513 1386 oppida,
1534 1328 1599 1384 quae
1622 1307 1810 1368 llhodiorum

1019 1403 1141 1461 ditionis
1161 1415 1254 1477 erant,
1276 1415 1467 1480 occuparunt,
1483 1415 1512 1459 et
1533 1402 1638 1461 deinde
1660 1422 1809 1463 unacum

1021 1498 1216 1558 Alabandenis
1228 1513 1329 1557 contra
1343 1498 1523 1557 Rhodiorum
1536 1500 1695 1557 exercitum
1712 1503 1809 1560 aciem

1020 1597 1163 1655 instruere
1178 1595 1327 1653 auderent.
1342 1594 1407 1665 Quo
1420 1609 1514 1653 tamen
1528 1596 1633 1674 proelio
1648 1614 1810 1657 eraserunt

1020 1692 1189 1771 inferiores(
1199 1691 1265 1751 Liv.
1278 1690 1364 1763 XLV,
1381 1690 1640 1769 25.1‘otyb.XXX‚
1651 1694 1679 1760 5,
1689 1716 1699 1751 ι
1710 1716 1734 1753 ι.
1746 1695 1809 1771 15).

1021 1788 1172 1865 lleliquam
1183 1787 1389 1864 Mylasensium
1405 1788 1571 1860 historiam,
1585 1788 1704 1866 Polybii
1717 1791 1809 1849 libris
1870 1804 1871 1809 ’

1020 1884 1190 1962 deperditis,
1204 1884 1382 1959 ignoramus.
1397 1883 1539 1942 Praeterea
1553 1898 1648 1943 nutem
1659 1886 1695 1943 ad
1708 1886 1740 1944 id
1756 1900 1808 1943 at-

1020 1980 1194 2039 tendendum
1221 1992 1277 2051 est,
1298 1980 1377 2057 quod
1396 1979 1500 2039 Suidas
1516 1995 1654 2057 quattuor
1674 1982 1809 2061 Scylacis

1020 2095 1109 2154 opera
1133 2089 1282 2134 enumerat
1305 2076 1409 2134 ordine
1433 2076 1551 2135 hocce:
1582 2080 1731 2157 Πιρίπλιυν
1756 2084 1809 2137 τῶν

1020 2172 1092 2241 εἰιτὸς
1101 2176 1153 2231 τῶν
1161 2171 1324 2250 Ἡρακλείων
1335 2174 1448 2243 στηλῶν·
1460 2171 1504 2233 Τδι
1522 2172 1591 2231 aar&
1602 2176 1649 2243 τὴν
1661 2174 1808 2254 Ἡρακλεί-

1021 2268 1067 2338 δην
1079 2268 1123 2325 τδν
1138 2270 1271 2328 Μυλασῶν
1286 2267 1407 2347 βασιλέα·
1420 2271 1442 2327 Γ
1443 2272 1472 2335 ἧς
1485 2268 1616 2347 περίοδον·
1632 2270 1808 2351 Ἆνσιγραρὴν

1020 2364 1083 2443 πρὸς
1102 2364 1149 2434 τὴν
1165 2367 1202 2425 ll.
1219 2364 1344 2443 ἱστορίαν.
1359 2364 1394 2423 ln
1406 2364 1515 2442 quibus
1537 2364 1662 2425 ollemlit
1681 2369 1806 2427 alterum

1021 2460 1182 2537 periplum,
1204 2459 1289 2537 cujus
1303 2473 1503 2535 argumentum
1519 2480 1578 2519 non
1596 2462 1749 2535 delinitur,
1771 2465 1809 2521 ab

1021 2557 1111 2615 altero
1121 2558 1264 2635 separari,
1273 2558 1446 2634 interposito
1459 2557 1568 2635 scripto
1576 2558 1726 2618 historico.
1740 2559 1807 2619 lam

1021 2655 1045 2712 si
1061 2674 1170 2713 morem
1187 2653 1285 2711 Suidae
1304 2656 1438 2724 noveris,
1452 2666 1557 2731 sponte
1568 2654 1697 2713 nascitur
1709 2656 1808 2729 suspi-

1021 2751 1067 2819 cio
1079 2750 1218 2809 accidisse
1226 2750 1253 2807 ei
1264 2749 1319 2807 hoc
1328 2768 1445 2827 quoque
1454 2750 1530 2818 loco,
1543 2750 1619 2827 quod
1633 2750 1669 2809 de
1681 2764 1724 2809 tot
1741 2751 1808 2808 aliis

1022 2848 1184 2924 querimur,
1200 2859 1231 2906 ut
1244 2846 1379 2906 seilicete
1391 2844 1509 2905 duobus
1522 2846 1622 2905 lexicis
1633 2866 1685 2905 sua
1698 2868 1807 2907 corra-

1021 2943 1104 3014 dens,
1121 2944 1220 3003 eadem
1238 2944 1358 3022 scripta,
1375 2944 1406 3002 in
1417 2943 1508 3002 altero
1524 2943 1601 3002 sonte
1619 2945 1684 3002 aliis
1705 2945 1808 3003 verbis

1022 3041 1159 3112 indicata,
1176 3040 1222 3100 bis
1243 3053 1365 3118 poneret
1383 3040 1558 3118 diversaque
1581 3059 1644 3099 esse
1663 3055 1807 3100 censeret.

1021 3135 1153 3196 Ceterum
1169 3156 1224 3215 pro
1243 3135 1383 3215 περίπλους
1392 3141 1438 3207 τῆς
1453 3135 1525 3201 ἐνιτδς
1539 3136 1598 3196 tal.
1612 3149 1662 3193 aut
1676 3141 1722 3207 τῆς
1736 3137 1807 3200 ἐντὸς

1021 3244 1070 3288 aut
1091 3229 1156 3290 eum
1171 3231 1275 3290 Vossio
1294 3243 1324 3288 et
1339 3229 1501 3288 Niebuhrio
1523 3233 1568 3300 τῆς
1589 3229 1658 3295 ἑνιδς
1672 3233 1718 3288 καί
1733 3232 1808 3295 ἐκτὸς

1023 3327 1173 3404 legendum
1188 3330 1253 3398 erit,
1267 3346 1361 3404 neque
1378 3327 1453 3386 alius
1473 3345 1559 3404 quam
1578 3328 1709 3404 Scylaeis
1721 3329 1808 3404 logn-

1022 3425 1125 3502 graphi
1138 3425 1269 3502 periplus
1283 3423 1489 3499 intelligendus
1502 3443 1565 3481 esse
1575 3423 1702 3484 ridetur.

191 3523 298 3582 missus
315 3521 498 3596 latragoras,
515 3518 750 3578 Gutschmidtius
771 3517 892 3594 conjicit
911 3535 978 3597 post
1063 3523 1111 3580 52.
1123 3519 1807 3598 llixidescriptoribus,quibnsScylacisnomen

192 3619 334 3696 dejectum
350 3617 478 3675 Oliatum
493 3615 672 3692 Mylasenses
693 3615 783 3671 alium
799 3613 857 3671 sibi
878 3627 977 3690 tyran·
1023 3618 1113 3676 luisse
1142 3629 1264 3676 constat.
1288 3615 1402 3674 accedo
1428 3617 1465 3674 ad
1486 3617 1631 3694 periplum
1659 3617 1709 3694 qui
1735 3619 1808 3675 salso

192 3735 263 3780 num
280 3733 331 3772 seu
346 3732 443 3788 regem
459 3731 583 3782 creasse,
611 3711 728 3768 fratrem
749 3711 870 3787 prioris,
888 3710 977 3770 llere·
1022 3714 1134 3790 Scylaci
1147 3715 1324 3772 attribuitur.
1337 3713 1448 3771 Auctor
1462 3710 1537 3790 ejus,
1552 3725 1667 3790 sumpto
1680 3711 1717 3770 ab
1735 3713 1807 3771 ller-

193 3810 376 3886 clidem,qui
386 3829 450 3868 curn
464 3809 536 3886 ipsis
551 3820 652 3865 eontra
660 3807 763 3866 Persas
774 3808 908 3866 stetisset.
921 3807 977 3866 Sed
1022 3811 1096 3870 culis
1122 3813 1257 3869 colunma
1276 3809 1418 3887 Europaea
1433 3809 1532 3880 initio,
1546 3811 1640 3867 obiter
1656 3823 1758 3868 monet
1772 3809 1808 3866 de

192 3925 294 3984 parum
316 3903 373 3962 hoc
388 3902 555 3981 probabile,
579 3922 668 3979 qurum
695 3901 860 3960 llerodotus
885 3903 979 3964 tradat
1021 3904 1807 3984 Carthaginiensiumadoceanumborealememporiis,

161 3985 173 3997 ³
192 4014 385 4078 tyrannorum
397 3999 427 4056 in
439 3999 534 4058 locum
551 4018 606 4076 per
619 3997 749 4071 singalas
760 3997 847 4056 urbes
864 4019 978 4076 orpes-r.-
1022 4007 1175 4082 ultraquae
1189 4004 1321 4090 navigari
1344 4015 1485 4080 nequeat;
1508 4001 1613 4060 deinde
1631 4021 1710 4060 oram
1737 4003 1808 4078 legit

192 4095 253 4172 γοδς
261 4096 324 4154 sive
331 4106 471 4172 praetores
483 4093 655 4152 substitutos
664 4077 896 4170 essesScylaeem
907 4113 978 4152 vero
1023 4103 1111 4160 maris
1123 4101 1231 4159 interni
1243 4099 1414 4178 Eur-oporam
1428 4117 1521 4174 usque
1533 4097 1569 4155 ad
1581 4095 1715 4168 Tanaim,
1728 4096 1808 4155 rande

192 4192 406 4272 logographum
423 4192 629 4272 particularem
653 4191 804 4250 historiam
826 4192 979 4269 scripsisse
1019 4197 1103 4274 juxta
1116 4197 1192 4255 Asiae
1204 4193 1459 4271 Libyaequclitora
1470 4193 1545 4251 redit
1561 4191 1597 4248 ad
1611 4191 1715 4249 fretum
1732 4192 1807 4250 ller-

105 4345 112 4358 ,
192 4291 229 4350 de
245 4290 334 4350 rebus
343 4290 433 4368 gestis
447 4290 505 4347 viri
524 4290 832 4359 coaetanei,aveteris
842 4290 978 4365 logogrn·
1023 4294 1210 4371 eulemn,per
1224 4291 1302 4368 quod
1314 4292 1345 4348 in
1358 4310 1498 4349 oceanum
1513 4288 1655 4366 Libycum
1670 4307 1806 4364 egressus

193 4387 270 4465 phire
282 4389 410 4460 ratione,
423 4388 538 4465 qualem
549 4386 697 4456 norimus,
710 4397 767 4442 tam
780 4385 905 4444 alienum
921 4400 976 4454 est,
1022 4389 1155 4468 usquead
1169 4387 1273 4446 lixum
1282 4386 1561 4446 lluviumetCemen
1574 4385 1709 4454 insulam,
1718 4403 1806 4462 quam

194 4494 235 4552 ut,
244 4480 269 4540 si
286 4495 385 4541 testata
396 4504 442 4542 res
454 4495 539 4553 esset,
556 4500 733 4558 magnopere
746 4481 928 4550 miraremur,
941 4483 978 4540 de
1023 4505 1101 4544 mare
1117 4486 1178 4544 luto
1190 4484 1371 4543 obstructum
1386 4483 1513 4562 excipit,
1528 4483 1665 4540 lectorem
1679 4481 1806 4541 deducit.

194 4576 363 4653 conjectura
381 4593 475 4637 autem
496 4580 553 4638 tale
581 4576 653 4656 quid
677 4578 826 4636 literarum
847 4578 979 4638 historiae
1024 4584 1055 4641 ln
1076 4582 1201 4658 singulis
1215 4579 1349 4660 partibus
1366 4581 1437 4640 satis
1452 4578 1539 4636 habet
1556 4581 1737 4636 recensuisse
1756 4599 1805 4636 no·

193 4674 305 4732 inferre
323 4672 464 4732 absonum
488 4676 573 4735 soret.
587 4677 684 4745 Quare
698 4675 729 4734 in
740 4674 836 4734 Suidae
850 4677 977 4734 testimo·
1023 4680 1103 4736 irrina
1117 4678 1306 4756 populorum,
1329 4675 1502 4744 lluriorum,
1519 4673 1695 4752 oppidorum
1711 4674 1806 4730 ariari-

194 4770 245 4828 ιιίο
254 4767 441 4847 acquiescens
459 4767 495 4826 tle
514 4769 668 4829 lleraclide
678 4771 780 4846 regulo
802 4769 975 4842 Cariamne·
1023 4775 1177 4845 timorum,
1215 4772 1362 4830 interdum
1391 4772 1477 4829 etiam
1507 4770 1804 4838 mediterraneorum,

193 4868 256 4923 seio
273 4885 345 4942 equo,
358 4864 509 4941 scripsisse
525 4885 629 4924 censeo
642 4867 809 4943 Scylacem,
823 4866 904 4943 cujus
917 4880 979 4925 erat
1023 4869 1133 4931 insulas
1146 4871 1289 4947 potiores,
1302 4883 1330 4926 et
1349 4869 1486 4945 (praesint
1500 4867 1672 4925 distantiaea
1688 4867 1805 4942 regione

194 4959 368 5040 ν’·,άνσιγραρὴ
379 4961 444 5038 πρὸς
452 4957 499 5030 τὴν
515 4961 648 5019 Πολνδίοο
660 4963 787 5041 ἱστορίαν.
805 4963 976 5040 Cuiusmodi
1024 4966 1058 5024 ad
1079 4965 1239 5040 regionem,
1261 4965 1304 5022 rel
1329 4985 1346 5022 a
1367 4964 1533 5022 continente
1547 4962 1583 5020 ad
1603 4961 1746 5030 insulam,
1760 4959 1803 5016 rel

194 5057 352 5138 ἀντιγραφαὶ
366 5078 456 5135 quum
475 5058 505 5114 in
524 5056 679 5116 erroribus
698 5057 873 5136 quibusdam
893 5064 977 5120 rutel·
1022 5066 1058 5120 ab
1073 5081 1123 5120 ora
1139 5062 1174 5118 ad
1199 5062 1299 5120 urbem
1322 5061 1573 5119 rnediterraneam.
1595 5057 1802 5134 Nonnusquam

193 5151 288 5214 lendis
307 5168 502 5226 versarentur,
521 5153 604 5213 larcilc
624 5156 685 5212 lieri
707 5171 811 5232 potest,
833 5171 862 5214 ut
877 5159 975 5236 Scyla-
1023 5173 1115 5216 ιιιιιιινι
1132 5176 1223 5235 planca
1238 5157 1325 5214 rcrlm
1338 5156 1373 5213 tle
1396 5175 1427 5214 rc
1441 5156 1579 5216 historica
1599 5154 1643 5210 rel
1660 5153 1804 5229 mytholo-
