3775 5750
604 398 849 463 STADlASMUS
871 398 992 459 Manis
1013 396 1151 457 uaout.
1621 399 1680 452 443

107 560 145 603 ta.
163 537 227 599 Ἀπὸ
248 534 381 603 Πλαταίας
395 536 430 603 ιίς
448 532 492 593 ιὀν
507 532 657 612 Παλίουρον
670 530 682 613 l
694 528 848 612 οτιίδιοιἾ·
930 540 975 600 4ο.
995 541 1019 589 Α
1040 535 1127 589 Platea
1147 532 1181 586 ad
1207 531 1343 587 Paliurum
1364 528 1474 602 [stadia
1495 530 1566 599 3⁰13
1587 546 1682 600 aquam

63 629 137 708 ὕδωρ
152 628 207 706 lyae
221 624 318 684 πλατύ.
895 622 974 675 habet
987 620 1140 673 subsalsam.

107 736 144 777 ts.
163 696 226 773 'siet
243 717 289 772 τοῦ
304 706 454 790 Παλιοιίρου
475 706 571 780 cleeris
592 708 684 769 ostar
707 704 849 784 ατοίδιοιζ·
930 708 976 771 43.
996 711 1019 761 Α
1037 707 1143 760 Paliuro
1161 706 1196 757 ad
1209 704 1313 758 Pham
1326 702 1407 757 stadia
1422 721 1473 773 9⁰³
1492 721 1587 774 aquam
1606 701 1685 757 habet

63 806 138 885 ὕδωρ
152 802 207 883 ἔχει
218 798 345 861 αυνακτίιν
361 797 414 856 ἀπὸ
429 796 542 856 σταδίων
557 794 598 854 ιε’.
894 795 1059 849 collectitiarn
1072 791 1224 865 quindecim
1237 792 1273 845 ab
1285 810 1318 845 eo
1331 792 1391 845 loco
1403 790 1503 845 stadiis.

1602 942 1677 949 --.—

64 1018 205 1088 Πατράντος
218 1015 259 1069 καί
281 1012 435 1085 Χερσονήσου
449 1010 497 1066 alsi
516 1016 587 1080 νῆαοι
603 1008 715 1078 Ἀηδονία
732 1011 775 1064 καί
787 1011 856 1064 Πλα·
899 1011 985 1065 salvus
1011 1010 1142 1065 eraderet.
1163 1010 1204 1063 lbi
1228 1010 1307 1079 igitar
1330 1006 1453 1081 paludem
1477 1008 1556 1063 lirissc
1579 1024 1683 1077 monet,

64 1096 140 1148 τειαί·
156 1093 261 1165 ὕφορμοι
281 1092 307 1145 il
332 1092 372 1147 ia’
391 1090 475 1153 αὗταῖς
500 1089 556 1153 κίοι,
581 1091 686 1159 Quibus
707 1092 754 1163 qui
775 1090 855 1143 iidem
899 1107 980 1163 quem
994 1092 1149 1145 Ptolemaeus
1167 1089 1217 1143 sub
1237 1088 1342 1142 Paliuro
1357 1088 1476 1143 collocat.
1491 1090 1594 1143 Deinde
1613 1093 1686 1146 verrit

66 1176 183 1239 habent,
199 1172 318 1227 Plateam
332 1170 366 1223 ad
379 1171 493 1235 Βαναία,
515 1168 661 1223 Αοιίοιιίιιιιι
675 1186 738 1222 vero
751 1167 785 1222 ad
799 1168 858 1221 Scal
900 1168 934 1223 ad
946 1170 1002 1223 Aia
1016 1170 1025 1242 (
1039 1172 1057 1223 i.
1070 1189 1095 1224 e.
1108 1168 1225 1241 iontem)
1242 1167 1396 1233 Temnriael,
1408 1170 1453 1240 qui
1470 1171 1535 1223 mari
1549 1172 1686 1241 proximus

65 1254 180 1307 insulam
191 1252 318 1305 humilem
330 1260 390 1303 ante
409 1246 567 1303 Batrachum
582 1257 690 1319 portum
701 1248 777 1301 sitam
789 1246 856 1300 reie-
900 1266 995 1320 aquam
1007 1248 1086 1301 habet
1095 1246 1319 1301 nauseabundam.
1332 1249 1456 1318 Sequitur
1467 1250 1495 1302 ia
1508 1248 1564 1301 solo
1579 1248 1686 1304 elatiore

65 1342 148 1397 runt;
166 1341 193 1384 at
206 1330 333 1400 queram
348 1346 382 1381 an
396 1344 450 1379 non
468 1344 501 1379 ex
513 1326 619 1379 duobus
632 1323 750 1396 ejusdem
765 1327 857 1380 insulae
900 1338 926 1381 et
943 1346 1037 1381 saxoso
1054 1328 1172 1382 aerata
1189 1324 1248 1380 Sidi
1261 1326 1390 1379 Harlclar
1405 1328 1536 1391 Deliam,
1552 1327 1598 1381 ubi
1612 1333 1684 1400 putei

67 1410 225 1465 nominibus
231 1407 296 1461 duas
308 1406 405 1461 insulas
415 1406 521 1461 finxerit
527 1404 628 1477 Scylax,
640 1405 728 1459 miuus
736 1416 857 1459 accurate
900 1425 969 1479 aqua
981 1426 1054 1461 nunc
1065 1416 1215 1460 mmntaser
1225 1408 1308 1459 ruiuae
1317 1407 1524 1478 conspiciuntur,
1532 1424 1591 1477 quae
1602 1426 1686 1478 quum

68 1484 106 1544 de
130 1490 220 1561 Libyas
236 1506 282 1541 ora
294 1484 420 1551 edoctus,
438 1486 478 1541 rel
499 1487 587 1557 potius
599 1485 722 1539 librarius
737 1482 855 1554 quidam,
902 1488 1023 1539 unioein
1035 1486 1185 1541 lroctractu
1205 1486 1378 1557 reperiantur,
1390 1484 1423 1537 ad
1437 1484 1589 1538 Palinurum
1599 1487 1686 1541 locum

67 1570 117 1639 qui
133 1586 216 1640 quum
228 1568 255 1621 in
269 1566 356 1621 verbis
367 1564 419 1620 lori
430 1569 503 1632 νῆαος
517 1562 655 1631 ’Ariouisti
674 1564 715 1617 καί
730 1562 854 1618 Πλαιεῖα·
897 1564 959 1637 jure
970 1565 1131 1619 referuntur.
1144 1565 1269 1620 Posthac
1283 1563 1405 1616 Barthius
1417 1560 1510 1616 incidit
1523 1564 1550 1617 in
1564 1568 1687 1627 torrentis

67 1646 266 1719 [lpoppociilra’
277 1645 338 1719 αίικῇ
355 1645 406 1699 ἔστι
417 1642 534 1711 νοοαιιιὴ
549 1646 576 1697 in
594 1642 722 1697 librosuo
733 1644 857 1698 omissam
900 1644 1005 1698 alveum
1020 1656 1084 1699 tune
1100 1646 1199 1697 siccum
1217 1661 1340 1715 prorsus,
1360 1644 1411 1695 nisi
1426 1642 1499 1714 quod
1519 1644 1546 1697 in
1567 1648 1688 1699 concavis

68 1728 189 1792 haberet,
201 1726 330 1797 vulgatam
339 1724 477 1779 lectionem
491 1722 525 1777 de
536 1723 689 1777 suointulit.
700 1724 777 1776 Certe
786 1722 857 1794 apud
902 1721 967 1775 locis
991 1742 1065 1794 aquae
1078 1723 1170 1775 lutosae
1192 1722 1337 1793 paullulum
1354 1722 1496 1791 stagnabat.
1513 1724 1605 1793 Neque
1622 1724 1689 1778 latus

70 1806 243 1860 Ptolemreum
264 1800 409 1859 nedonidts
428 1802 536 1855 nomine
557 1800 713 1857 hodiernam
734 1802 858 1855 Boardaar
902 1801 991 1855 alveus
1005 1820 1090 1873 neque
1107 1799 1271 1872 profundum
1287 1800 1532 1855 vatttsmbmrasea
1544 1803 1690 1875 stirpesque

69 1874 204 1954 designari
217 1882 255 1935 rel
267 1892 405 1953 propterea
414 1879 514 1943 credas,
527 1879 600 1949 quod
611 1883 709 1934 mirum
721 1880 788 1934 soret
798 1883 859 1934 Pto·
902 1880 1018 1950 exlguas.
1033 1884 1072 1934 Ac
1089 1881 1166 1933 talem
1185 1878 1239 1932 lere
1253 1881 1331 1933 etiam
1342 1881 1437 1933 Noster
1453 1882 1579 1952 repererit
1591 1881 1688 1948 locum,

69 1962 194 2015 lemaeum
212 1962 371 2015 mentionem
383 1959 472 2013 iecisse
490 1958 597 2013 humilis
610 1959 678 2011 illius
687 1959 746 2011 Seal
756 1959 856 2023 insulae,
903 1978 984 2031 quem
1004 1962 1072 2031 aqua
1090 1960 1161 2013 bona
1174 1956 1238 2011 dicit
1258 1958 1375 2012 destitui.
1396 1960 1495 2012 (hatra
1515 1978 1577 2013 rero
1598 1963 1690 2031 priscis

68 2043 190 2094 omisisse
202 2049 290 2095 autern
310 2038 416 2093 alteram
435 2039 517 2107 magis
535 2039 704 2109 conspicuam
720 2038 859 2109 nautisque
905 2040 1072 2109 temporibus
1085 2056 1138 2090 non
1153 2038 1249 2106 stagnis
1260 2035 1423 2108 pestiferum,
1440 2036 1485 2089 sed
1497 2038 1567 2090 silvis
1578 2056 1690 2110 opacum

70 2121 206 2173 utiliorem
228 2130 255 2173 et
274 2119 389 2172 historice
403 2117 530 2171 memoria
546 2116 685 2171 celebrem.
700 2120 763 2184 Quo
785 2134 858 2169 acee-
902 2120 1066 2189 perennique
1078 2116 1159 2170 llario
1167 2116 1280 2185 rigatum
1288 2114 1350 2185 lingi
1361 2113 1499 2179 debemus,
1507 2117 1527 2168 si
1542 2116 1594 2170 hue
1606 2129 1690 2171 trans·

70 2199 114 2252 dit
127 2200 216 2252 Nostri
227 2198 320 2271 peripli
337 2198 479 2251 auctoritas
497 2194 567 2249 haud
580 2214 643 2250 sane
657 2197 782 2259 minima,
804 2197 859 2251 imo
904 2194 968 2248 lerri
982 2196 1045 2250 reiis
1056 2194 1184 2249 Herodoti
1197 2194 1310 2264 ποταμὸν
1325 2204 1352 2247 et
1361 2195 1437 2255 νίκας
1452 2194 1593 2256 καλλίστας.
1607 2199 1691 2251 Ροιτο

70 2280 198 2332 maxima.
904 2275 1109 2328 existimandum
1125 2274 1193 2328 soret
1212 2272 1300 2347 Ἄζιρις
1318 2291 1415 2326 nomen
1438 2272 1517 2327 luisse
1536 2276 1615 2328 etiam
1633 2276 1692 2329 loeo

110 2361 184 2426 §ln
200 2355 228 2411 ri
236 2355 375 2427 Παλίουρον
389 2354 483 2409 codex.
498 2354 592 2409 Strabo
603 2372 631 2425 p.
644 2354 695 2408 838
709 2352 861 2425 poatCirer·
905 2352 1071 2407 Chersoneso
1092 2356 1194 2423 Magnae
1212 2355 1352 2424 proximo,
1365 2352 1399 2405 dc
1412 2369 1466 2423 quo
1477 2352 1534 2406 solo
1545 2354 1615 2425 apud
1632 2373 1692 2425 geo·

71 2454 199 2491 sonasum
211 2434 347 2489 meridiem
365 2452 455 2489 versus
471 2452 526 2487 esse
538 2434 575 2487 ait
595 2431 741 2503 Ἡράκλειόν
759 2450 783 2485 τι
795 2430 860 2502 lepor
905 2432 1020 2503 grnplms
1033 2443 1184 2505 usurpatur.
1200 2435 1267 2500 Quae
1278 2431 1386 2502 quidem
1395 2449 1487 2484 vereor
1496 2450 1530 2484 ne
1543 2432 1575 2486 ad
1585 2452 1692 2506 persua·

71 2518 117 2569 καί
139 2514 197 2586 ίιπίρ
219 2514 293 2567 atem
311 2516 383 2585 κώμη
402 2512 547 2583 ίίαλίουρος.
568 2515 600 2565 In
620 2512 689 2565 Tab.
710 2512 786 2565 Peut.
810 2512 862 2579 (et
905 2509 1023 2563 dondum
1034 2509 1442 2582 peraceommodasint.Cl.not.
1455 2510 1692 2579 adsim—Cete-

70 2598 173 2662 Geogr.
184 2596 248 2647 nav.
261 2595 310 2656 111,
322 2594 337 2645 3
347 2596 357 2661 )
367 2590 486 2645 Paliuris
496 2592 529 2645 33
539 2592 603 2646 mill.
616 2610 632 2645 a
644 2590 740 2645 Mesia·
746 2590 860 2655 distans;
905 2606 967 2641 rum
978 2588 1012 2642 ad
1026 2608 1100 2642 orum
1111 2588 1265 2660 ponendum
1273 2589 1303 2643 τὸ
1319 2587 1475 2659 Ἡράκλειον,
1487 2588 1561 2659 cujus
1572 2592 1693 2645 meminit

70 2676 107 2727 In
121 2674 185 2725 ltin.
201 2688 229 2742 p.
252 2688 284 2741 71
301 2680 425 2741 corrupte
447 2670 578 2723 Paaiuros
589 2670 624 2723 30
635 2668 698 2723 mill.
715 2685 731 2720 a
749 2666 861 2720 Meeira.
905 2667 1188 2721 StraboDeHerculis
1196 2669 1269 2722 cultu
1277 2667 1347 2740 apud
1362 2670 1522 2740 Cyrenenses
1542 2688 1568 2722 ν.
1580 2671 1693 2743 Thriege

71 2754 199 2805 Lucanus
212 2752 260 2813 1x,
276 2754 310 2812 4²
326 2748 394 2802 male
408 2747 564 2801 Palinurum
578 2758 652 2801 vocat
666 2746 700 2800 de
713 2746 802 2800 AEneae
815 2764 863 2815 gu·
906 2748 957 2799 lies
967 2747 1062 2817 Cyren.
1081 2763 1110 2818 p.
1123 2764 1185 2817 291.

73 2830 219 2883 bernatore
235 2845 241 2881 :
259 2831 297 2881 Ee
311 2820 372 2881 laia'a
388 2826 507 2900 placidis
527 2827 583 2881 alre
594 2826 728 2880 delabitur
748 2826 822 2880 auris
835 2826 863 2880 ia
942 2826 958 2893 ς
974 2830 1019 2882 li.
1034 2825 1155 2898 Φαίαν]
1170 2825 1238 2879 utta
1253 2825 1329 2898 λιμήν
1344 2825 1514 2893 Ptolemaeus,
1530 2826 1600 2898 apud
1614 2845 1693 2899 quern

73 2909 160 2972 liras,
179 2907 313 2970 Palinure,
336 2917 428 2968 ιιιιιιιις
449 2925 527 2978 aeque
548 2905 616 2959 caira
639 2924 737 2978 aquare
760 2917 863 2960 tuarum
907 2903 1692 2974 0tiaeramnaramsacercaeoetetegendumasseceaseo,

73 2987 197 3040 Aasoaio
212 2996 377 3040 monumenta
388 2997 466 3049 rraes,
482 2997 625 3056 portasque
639 2985 740 3056 quietos
751 2997 865 3039 testatur
908 2984 983 3056 quod
995 3003 1091 3038 nomen
1105 2985 1196 3056 (oeta,
1206 2986 1274 3050 Φοί,
1285 2986 1359 3051 Φεαί,
1373 2985 1424 3037 ote
1433 2988 1444 3054 )
1453 2987 1566 3039 recurrit
1577 2986 1610 3039 de
1616 2999 1695 3059 portu

75 3066 157 3136 Libye
170 3065 283 3135 Phrygio
300 3055 433 3136 flacuim
450 3064 586 3132 magistra.
603 3065 757 3117 Ptolemaeus
769 3073 866 3134 praeter·
908 3073 935 3117 et
948 3065 1133 3135 promontorio
1150 3063 1233 3117 Elidis
1246 3061 1280 3117 ad
1291 3063 1433 3118 lardanem
1451 3066 1572 3118 lluvium.
1592 3069 1623 3119 In
1637 3069 1695 3137 qui·

71 3143 216 3214 Παλίουρον
232 3142 319 3196 ίοουικι
340 3152 467 3196 memorat
480 3159 508 3212 p.
528 3146 579 3210 274
594 3139 638 3206 τὴν
658 3140 706 3196 irai
726 3142 864 3212 Παλίουρον
909 3142 1051 3214 busquum
1060 3142 1182 3196 Iardanis
1194 3143 1265 3195 fluvii
1277 3161 1374 3196 nomen
1386 3153 1474 3214 aperte
1485 3145 1519 3196 sit
1530 3144 1694 3200 Phoenicium

72 3223 180 3293 λίμνην,
196 3222 220 3275 ἐν
233 3217 248 3294 ᾔ
262 3221 408 3291 κογχύλιον.
420 3220 562 3274 Ponendus
573 3221 645 3274 locus
655 3222 682 3274 in
698 3219 778 3274 Wadi
793 3225 866 3274 Tem·
909 3232 936 3276 ct
953 3239 986 3274 ex
998 3223 1075 3275 Creta
1089 3223 1116 3274 in
1136 3221 1265 3274 Graeiam
1278 3220 1431 3274 translatum
1444 3220 1573 3286 rideatur,
1587 3222 1696 3277 sortasse

74 3301 174 3362 minei,
190 3298 280 3354 vallem
293 3299 382 3363 lutam,
394 3316 452 3368 quse
461 3299 584 3352 torrentis
597 3298 671 3352 alveo
684 3310 786 3352 secatur
794 3311 821 3354 et
832 3299 866 3354 ab
910 3301 990 3354 etiam
1003 3300 1074 3352 Pleu
1082 3301 1294 3370 promontorium
1305 3299 1340 3351 de
1354 3315 1428 3366 mam,
1439 3301 1458 3352 i.
1474 3317 1499 3352 c.
1514 3301 1635 3367 angulus,
1650 3301 1696 3354 de·

73 3381 181 3433 oriente
199 3379 344 3450 oppositam
366 3377 446 3432 habet
461 3377 575 3432 Plateam
599 3377 729 3442 insulam;
753 3376 819 3430 adeo
837 3389 867 3433 ut
909 3382 996 3433 rivere
1006 3389 1094 3432 censet
1102 3378 1247 3432 Olshausen
1266 3377 1528 3450 Uelerplaaizarcle
1542 3383 1697 3436 Ortsaaarca

76 3459 116 3510 30
136 3455 281 3512 stadiorum
299 3455 421 3509 dorsuna
441 3474 474 3509 ex
493 3457 608 3508 auctoris
633 3457 715 3509 nostri
738 3459 867 3512 scatentia
911 3456 1694 3530 masserlaldderscmitirclaaSpraclgebictsinlileia.Mas.

75 3532 227 3607 supplenda
236 3535 283 3600 sit,
297 3553 456 3607 quamquam
466 3534 554 3608 paullo
565 3533 650 3606 majus
661 3537 773 3608 spatirun
783 3539 867 3591 inter·
914 3539 992 3602 1852.
1012 3557 1041 3610 p.
1058 3539 1119 3602 δαί.
1135 3540 1147 3608 ΙΙ
1165 3536 1258 3610 -l1']
1274 3539 1312 3591 sic
1328 3536 1429 3602 eodcx;
1446 3536 1473 3601 ς’
1490 3555 1581 3610 apogr.
1597 3542 1696 3605 lriart.;

74 3613 166 3667 cedat.
179 3616 210 3666 In
222 3613 290 3666 hanc
301 3613 392 3666 vallem
409 3633 441 3668 ex
455 3615 540 3668 insula
547 3617 745 3684 transmigrasse
760 3615 867 3686 plurimi
912 3618 982 3671 idem
995 3635 1070 3670 error
1082 3617 1182 3671 Iriartis
1193 3617 1247 3686 ἰιις
1268 3621 1312 3680 ll.
1328 3647 1365 3658 -
1380 3619 1445 3670 Post
1457 3617 1537 3670 Wadi
1554 3619 1718 3676 Temmiaclr.

75 3703 200 3746 statuunt
225 3693 348 3746 Thermos
383 3692 490 3746 colonos
519 3691 666 3748 seeundum
701 3693 867 3748 Homerum
912 3695 1020 3750 ίιοιοιιιο
1033 3713 1122 3748 versus
1134 3696 1208 3747 sinus
1220 3695 1348 3765 sequitur,
1365 3692 1439 3764 cujus
1453 3695 1547 3749 intimo
1556 3696 1583 3748 in
1597 3715 1700 3750 recessu
1756 3757 1763 3766 ι

74 3773 130 3836 IV,
152 3774 210 3841 157,
224 3771 270 3824 ubi
291 3770 365 3824 lraee:
383 3770 479 3825 ίκιιοαν
497 3771 571 3838 αιἰτῆς
591 3773 679 3840 Διίύης
690 3778 773 3843 χῶρον
785 3772 868 3826 ἀντίον
913 3776 1018 3830 Phream
1029 3773 1179 3846 ponendam
1192 3791 1247 3826 esse
1260 3773 1380 3826 locorum
1395 3773 1462 3825 ratio
1471 3771 1572 3826 suadet.
1585 3775 1624 3826 De
1640 3775 1701 3828 sinu

76 3853 125 3914 τῆς
137 3851 222 3916 νήσου,
235 3855 270 3921 τῷ
290 3850 371 3921 ὄνομα
386 3845 416 3917 ἦν
434 3851 533 3921 Ἄζιρις,
547 3851 590 3904 τὸν
609 3853 683 3905 νάπαι
696 3869 722 3904 τε
738 3851 869 3906 κάλλισται
913 3855 950 3908 ita
958 3854 1113 3926 Barthiusp.
1123 3853 1173 3907 505
1186 3869 1192 3905 ε
1205 3877 1217 3899 ι
1229 3851 1461 3906 DieKt'rstebildet
1470 3851 1568 3904 hieran
1577 3852 1638 3905 sehr
1647 3855 1701 3906 nie·

78 3931 121 3984 ἐπ’
131 3928 255 4002 ἀμφότερα
266 3929 425 3998 συγκληίουσι
445 3930 487 3984 καί
498 3931 608 4002 ποταμίας
623 3931 654 3984 τὰ
668 3929 707 3984 ἐπὶ
721 3931 809 4003 θάτερα
822 3951 869 3984 πα-
913 3931 1017 4002 drigem
1027 3933 1106 3985 Saum
1117 3931 1177 3984 eine
1187 3931 1326 4003 praechtige
1337 3929 1432 3996 Bucbt,
1443 3930 1511 3983 nach
1522 3932 1604 3984 Osten
1615 3930 1700 3986 durch

78 4009 177 4080 papplsr
197 4007 262 4076 (Cl.
280 4009 431 4064 callimach.
446 4010 474 4062 in
489 4009 576 4080 Apoll.
596 4028 621 4062 r.
648 4012 703 4078 89:
723 4007 830 4075 Πυνιιιὴν
843 4009 870 4063 il
914 4012 992 4064 einen
1011 4011 1039 4062 in
1056 4011 1116 4063 eine
1137 4011 1205 4064 nach
1226 4009 1315 4063 Sr‘tden
1336 4008 1543 4080 vorspringende
1568 4009 1701 4063 Halbirrsel

79 4089 171 4149 νάπαις
187 4085 276 4148 ’trita
296 4085 389 4154 ἔναιον,
408 4086 473 4158 ilriq.
485 4088 568 4142 schol.
584 4087 692 4149 ι’λζιλις
712 4087 768 4158 ὄρος
777 4087 811 4158 (i)
829 4088 871 4141 καί
914 4088 1070 4144 allmaelrlich
1083 4089 1138 4143 sich
1152 4087 1336 4143 absenlrendeu
1349 4088 1516 4157 Hoelrenzug,
1531 4088 1599 4140 nach
1612 4088 1700 4142 Sriden

79 4165 194 4236 ποταμίας
205 4165 322 4234 Asilae).
338 4166 426 4220 Paclro
439 4184 467 4238 p.
485 4167 518 4220 52
530 4166 564 4220 de
573 4166 623 4220 hac
631 4167 738 4236 regione
748 4169 802 4221 ita:
821 4169 871 4222 «Α
915 4168 1002 4223 durch
1013 4171 1072 4222 eina
1089 4166 1247 4236 hndzunge
1264 4167 1408 4236 gaschiltat,
1429 4183 1463 4218 au
1485 4165 1565 4218 deren
1590 4165 1702 4220 anderes

78 4246 123 4298 six
136 4245 214 4297 lieues
229 4243 263 4298 de
280 4243 396 4298 distance
412 4243 634 4300 d'Aia-el-Gazal
646 4245 681 4298 les
695 4245 819 4299 hauteurs
838 4246 872 4300 da
915 4249 985 4302 Seite
992 4245 1137 4301 wiedemm
1144 4243 1576 4314 zweiBuclrtengcbildetwerden,
1588 4242 1701 4298 inderent

84 4323 207 4378 Tobroulr
221 4333 399 4376 contournent
411 4323 602 4395 brusquement
617 4343 675 4378 vers
685 4324 710 4379 le
722 4325 880 4392 sud5selon·
910 4329 1031 4392 παλαι,
1057 4325 1116 4378 hart
1132 4341 1176 4376 am
1191 4324 1290 4396 Meet-e,
1309 4323 1369 4376 eine
1387 4324 1489 4391 Quelle,
1510 4321 1611 4375 lreilich
1622 4332 1703 4376 etwas

79 4404 121 4456 les
134 4402 242 4468 Arabas,
259 4403 319 4456 elles
329 4421 356 4456 se
367 4403 524 4474 prolongent
535 4402 676 4476 jusqu'aux
690 4417 779 4459 monte
792 4408 873 4480 Cyre·
918 4404 1029 4474 saltigen
1046 4400 1254 4468 Geschmackea‚
1269 4401 1396 4474 sprudelt.
1410 4405 1465 4456 Zur
1485 4399 1588 4456 Linlren
1601 4403 1703 4472 springt

80 4482 181 4546 niens,
193 4489 220 4534 et
231 4479 359 4548 forment,
375 4480 580 4554 conjointement
597 4501 660 4538 avec
676 4501 744 4548 eux,
758 4484 782 4539 la
794 4487 874 4540 vellee
917 4481 965 4536 dns
979 4483 1053 4536 Land
1066 4481 1164 4536 wieder
1176 4501 1210 4536 zu
1223 4493 1290 4536 etna
1302 4500 1351 4535 roo
1363 4484 1428 4535 Fuss
1440 4481 1487 4534 aul
1494 4480 1549 4534 und
1559 4480 1641 4534 bilder
1650 4479 1702 4534 den

82 4557 119 4610 de
135 4558 296 4622 Teraraiaelr,
315 4561 361 4630 qui
378 4579 410 4614 va
421 4579 454 4613 en
469 4560 640 4631 s’elargisssnt
656 4581 714 4616 vers
723 4563 747 4616 le
757 4563 825 4617 bord
840 4564 874 4618 de
917 4561 1081 4616 noadlichen
1094 4561 1190 4616 Sclrutz
1207 4561 1255 4615 der
1272 4561 1367 4614 Bucht.
1383 4559 1440 4614 Aul
1448 4559 1535 4612 dieser
1551 4559 1645 4623 lloehe,
1660 4558 1703 4613 die

83 4639 108 4692 la
120 4655 185 4690 mer.
198 4639 235 4690 Le
247 4638 336 4690 milieu
347 4639 414 4693 dela
428 4640 507 4693 valles
519 4651 559 4694 est
567 4643 651 4712 coupe
660 4659 708 4712 par
716 4643 740 4696 le
750 4644 874 4698 sillonne-
919 4640 961 4693 ich
968 4640 1017 4694 aus
1022 4640 1121 4693 steilem
1129 4639 1264 4712 Felsplade
1275 4639 1324 4692 mit
1337 4639 1451 4692 meinem
1458 4637 1553 4691 Plerde
1561 4637 1702 4701 erlrlomm,

85 4728 162 4770 ment
181 4715 295 4789 prolond
309 4715 374 4774 d’un
394 4729 508 4784 torrent;
527 4719 629 4792 d'apres
641 4721 664 4774 le
677 4723 763 4775 meme
781 4724 875 4776 temoi·
919 4719 967 4773 sah
978 4720 1020 4773 ich
1036 4721 1079 4773 ein
1098 4719 1198 4773 lleines
1217 4718 1337 4788 Quadrat
1355 4737 1408 4771 voa
1426 4719 1541 4782 limace,
1556 4719 1647 4770 vomit
1659 4718 1703 4770 eiu

84 4812 184 4866 gnage,
199 4795 217 4848 il
239 4805 277 4848 ast
296 4796 430 4852 formica
451 4797 526 4851 hirer
543 4817 591 4870 par
605 4798 628 4852 le
648 4801 809 4869 gonllement
829 4801 876 4854 des
919 4797 1061 4852 modemes
1082 4799 1207 4854 Grabmai
1219 4800 1313 4870 gebaut
1326 4799 1373 4862 ist,
1393 4808 1466 4851 sonst
1482 4797 1614 4850 durehaus
1627 4795 1705 4849 lreinc

85 4873 176 4926 ravins
189 4873 235 4926 des
246 4885 400 4945 montugnes
409 4875 475 4931 dela
488 4877 641 4950 Pentapole,
654 4889 680 4932 et
690 4877 797 4950 sejette‚
810 4881 876 4934 ainsi
920 4877 1242 4943 alterthirmlielreulleste;
1252 4878 1316 4931 aber
1323 4875 1522 4930 dennochlmnn
1532 4875 1591 4929 lein
1600 4873 1704 4927 Zweilel

87 4949 196 5022 quej'ai
208 4969 243 5022 pu
254 4951 277 5006 le
290 4971 453 5025 remarquer,
466 4955 641 5028 danalegolle
652 4956 686 5011 dc
699 4959 814 5025 Bomba,
827 4957 878 5014 ila
921 4957 1061 5024 obwalten‚
1071 4955 1131 5011 dass
1143 4957 1202 5011 hier
1217 4959 1254 5009 im
1272 4955 1385 5011 Winlel
1403 4956 1451 5010 der
1461 4953 1547 5010 Bucht
1558 4954 1606 5006 der
1618 4953 1705 5007 lrleine

86 5029 202 5084 hauteur
220 5030 255 5084 de
273 5030 325 5085 l’ile
338 5029 376 5086 du
388 5035 474 5086 meme
486 5052 559 5090 nom.
573 5037 728 5090 Accuratius
743 5041 878 5109 regionem
922 5036 1051 5090 Halenort
1060 5037 1196 5090 Phthiazu
1205 5035 1304 5089 cuchen
1315 5039 1357 5090 ist.
1379 5057 1390 5086 ι
1403 5038 1457 5089 Zur
1467 5033 1640 5102 Bestaetigunss
1650 5050 1705 5086 ma·

87 5106 236 5178 exploravit
250 5109 373 5164 Barthius
384 5113 395 5181 (
407 5130 434 5183 p.
445 5111 496 5167 506
507 5131 566 5184 sqq.
577 5117 599 5184 ),
614 5117 659 5186 qui
673 5116 780 5171 eborea
790 5132 878 5171 versus
922 5117 972 5170 che
980 5116 1023 5169 ich
1034 5113 1083 5168 aul
1091 5112 1228 5184 folgenden
1239 5117 1427 5169 interessenten
1435 5111 1566 5168 Umstaud
1573 5109 1705 5164 sulmeri-

90 5185 228 5240 meridiem
242 5189 425 5259 progrediens,
437 5203 577 5262 antequam
589 5193 623 5248 ad
639 5195 721 5250 Wadi
733 5199 879 5251 Temmirrelr
922 5213 989 5248 sam.
1009 5197 1065 5248 Der
1084 5194 1245 5248 Stadiasmus
1268 5193 1389 5248 bemerlrt
1415 5193 1534 5247 naemlich
1555 5209 1589 5244 zu
1606 5189 1702 5244 Phaia:

90 5265 207 5333 veniret,
225 5265 281 5322 loca
300 5269 418 5322 transivit
437 5269 570 5342 palustria,
591 5271 658 5328 adeo
676 5284 738 5329 ute
760 5276 816 5329 luto
836 5279 889 5350 rixv
922 5276 989 5347 ὕδωρ
1000 5273 1054 5347 ἔχει
1066 5274 1185 5328 ουνακτδν
1196 5273 1246 5329 dal>
1255 5275 1361 5330 σταδίων
1374 5273 1411 5329 ιε’.
1422 5276 1484 5328 Nun
1494 5275 1525 5326 ist
1531 5271 1592 5344 jcne
1600 5269 1703 5339 Qucllc,
