3775 5750
180 338 216 386 48
737 324 917 387 snt'Llffls
940 324 1232 387 csnrsnnnnsts
1688 322 1789 401 (ωειλ,
1878 351 1879 360 ¹

183 456 344 537 Ὀρχομενὸς
362 458 388 513 lv
404 456 538 537 μεσογείᾳ.
583 456 644 517 Εἰσὶ
664 456 690 515 li
705 456 749 515 καί
767 456 847 515 ἄλλαι
862 454 960 521 πόλεις.
1007 465 1190 518 Orchomenus
1202 463 1429 517 inmediterranen
1439 473 1533 517 tractu.
1570 463 1636 516 Sunt
1647 466 1726 516 ctiam
1736 464 1793 515 alia·

182 544 438 623 Ιίαρσίπλσυςδίτῆς
452 544 579 611 Βοιωτίας
590 544 679 625 χώρας
694 545 748 603 ἀπὸ
760 544 859 617 Δηλίου
883 544 964 624 μέχρι
1006 555 1095 607 urbes.
1132 554 1360 623 Preternavigatio
1373 570 1436 605 vero
1444 554 1550 605 Bmotiae
1558 554 1794 621 regionis,al)rlio

180 636 234 692 τῶν
245 637 354 713 Λοκρῶν
368 632 445 713 θρίων
457 633 550 691 στάδια
562 634 609 691 ον’.
1006 640 1132 712 usquead
1141 643 1288 695 lonorum
1299 640 1436 703 terminos,
1450 638 1595 691 stadiorum
1604 648 1643 691 est
1656 640 1719 692 250.

221 742 258 783 ιιι,
283 726 415 782 ΛΟΚΡΟΙ.
441 719 519 781 Μιτίι
532 720 559 779 il
572 720 700 788 Βοιωτούς
710 722 760 779 alos
771 720 867 801 Λοκροὶ
880 720 960 787 ἔθνος.
1043 732 1087 781 60.
1103 729 1202 781 locas.
1218 728 1281 780 Post
1296 728 1403 779 Boeoroe
1417 735 1480 778 sunt
1495 725 1582 777 locri.
1597 724 1684 777 Urbes
1697 743 1794 777 eorum
1879 781 1880 788 ,

182 808 237 867 Καί
250 809 301 867 εἶσι
321 809 381 867 κατ’
400 806 515 867 Εὗδσιαν
530 808 617 874 αὐτοῖς
628 808 716 873 πολεις
731 806 796 865 αἵδε·
817 808 963 887 Λάρυμνα,
1007 814 1115 869 Enhme
1123 814 1233 884 objecta
1241 823 1305 867 sunt
1317 830 1324 867 ι
1335 815 1477 883 larymna,
1489 813 1586 883 Cynos,
1598 812 1684 882 Opim,
1692 812 1795 883 Alope:
1879 817 1880 820 ’

182 898 279 967 Κῦνος,
299 894 410 965 Ὀποῦς,
425 894 532 967 ’Λλόιτη
547 896 597 953 eloi
610 895 693 955 δίκαί
708 894 788 954 ἄλλαι
802 894 898 953 πολλαί
909 899 962 953 Λο·
1007 902 1104 955 hahent
1118 920 1181 955 vero
1200 904 1278 955 Locri
1292 902 1370 955 etiam
1385 901 1449 954 alias
1466 898 1545 953 urbes
1563 899 1666 953 multas.
1682 903 1796 953 Prretcr-

180 988 259 1063 κροῖς,
301 983 461 1063 Παράπλους
474 984 501 1043 δὲ
515 988 562 1055 τῆς
577 982 666 1064 χώρας
678 984 764 1042 αὐτῶν
779 984 873 1043 στάδια
887 982 921 1043 α’.
1007 990 1195 1041 νοσιίοσοειιαι
1208 988 1323 1057 regionis
1335 996 1375 1041 est
1387 985 1533 1039 stadiorum
1546 1002 1607 1039 noo.

219 1092 254 1133 σι.
276 1073 408 1131 nonnis.
435 1070 513 1132 Μετίι
527 1069 554 1130 li
572 1068 689 1149 Λοκρούς
703 1074 754 1131 είσι
771 1074 885 1139 Φωκεῖς·
900 1070 962 1141 διή-
1042 1079 1086 1127 61.
1101 1071 1717 1144 momentascroesequunrurrhooense:
1734 1092 1797 1126 nam

179 1182 253 1217 κουσι
271 1158 321 1238 γὰρ
341 1159 385 1217 καὶ
400 1151 469 1219 obser
490 1162 526 1226 είς
541 1158 589 1230 τήν
604 1160 739 1219 θάλασσαν
758 1160 866 1233 ταύτην.
908 1159 963 1220 Καί
1007 1160 1194 1233 hiquoquead
1203 1160 1503 1231 hocmarepertingimt.
1542 1160 1799 1213 Urbeseorumsunt

179 1247 267 1314 πολεις
282 1250 368 1313 αὐτοῖς
380 1247 445 1305 εἰσίν
460 1246 534 1305 αίδε·
546 1246 676 1325 Θρόνιον,
692 1246 811 1323 Κνημίς,
827 1243 964 1321 Ἐλάτεια,
1006 1248 1047 1301 his
1058 1265 1065 1300 ε
1077 1248 1237 1312 Thronium,
1254 1247 1371 1311 Cnemis,
1386 1246 1492 1309 Elataea,
1507 1248 1653 1317 Panopeus.
1691 1246 1798 1300 liabent

181 1332 328 1401 Πανοπεύς.
371 1334 432 1395 Εἰσί
447 1334 474 1393 δὲ
488 1334 534 1395 καί
549 1334 629 1393 ἄλλοι
645 1333 733 1401 πόλεις
746 1336 833 1401 αὐτοῖς
845 1338 871 1395 ίν
884 1356 963 1413 μιαο·
1005 1352 1113 1405 quoqne
1127 1333 1190 1387 nllus
1204 1333 1320 1385 civilitas
1338 1333 1367 1385 in
1385 1332 1579 1385 mediterraneo
1593 1341 1688 1385 inetu-
1726 1334 1799 1385 Pra-

179 1421 248 1503 γείσρ.
292 1422 453 1503 Παράπλους
468 1422 491 1481 δ’
510 1422 565 1483 leti
582 1428 629 1495 τῆς
650 1422 769 1484 Φωκίων
786 1425 874 1503 χώρας
890 1422 964 1481 στά-
1006 1421 1132 1473 lervecfio
1148 1419 1323 1473 Ph⁰oe⁰⁵5¹¹m
1334 1418 1449 1487 regionis
1459 1428 1499 1471 ὅθ
1510 1417 1654 1471 mdiorum
1667 1416 1804 1479 duoessloa

179 1510 222 1567 θια
237 1510 273 1571 α’.
1005 1524 1076 1559 rum.

218 1618 254 1657 ss.
282 1600 429 1657 ΜΗΛΙΕΙΣ.
451 1596 528 1657 Μετὰ
549 1595 576 1655 il
594 1598 699 1664 Φωκεῖς
719 1595 769 1655 eloi
789 1596 899 1666 Μηλιεῖς
917 1596 962 1655 καί
990 1640 999 1655 .
1041 1597 1086 1647 62·
1103 1594 1266 1645 llll-¹¹¹⁸„-
1284 1591 1348 1644 Ρῦθῑ
1360 1588 1507 1643 thffl
1528 1599 1590 1642 ⁵⁰⁰¹
1605 1587 1742 1641 Μθθθθῡδ
1763 1589 1799 1641 ⁸5·

178 1682 303 1749 θκολπσς
319 1688 333 1741 ὁ
351 1682 477 1755 Μηλιεθς.
520 1685 531 1765 (
542 1682 883 1763 Ἐνεούτῳήτῷ]κόλπῳ
897 1684 963 1741 εἰσίν
1007 1698 1109 1751 nusqm
1119 1680 1252 1733 Meliacus.
1291 1680 1303 1747 (
1310 1678 1353 1733 Ad
1365 1678 1436 1731 hunc
1447 1680 1534 1731 sinum
1546 1688 1609 1729 sunt
1619 1677 1800 1747 quidicuntnr

180 1770 204 1827 ol
220 1770 392 1851 Λιμσδωριεῖς
406 1770 563 1848 καλούμενοι
574 1770 636 1829 σίδι·
659 1771 789 1850 Ἔρινεθς,
802 1774 893 1843 norat,
908 1772 963 1831 llo·
1008 1767 1236 1831 Limodorienses‚
1251 1783 1367 1839 quorum
1383 1765 1462 1819 urbas
1477 1776 1538 1818 sunt
1551 1766 1679 1829 Erineos,
1692 1766 1799 1827 Binum,

179 1935 233 1987 sina
252 1944 370 2006 tempora
389 1936 517 1988 conllatus
535 1946 574 1988 est
590 1936 704 2005 (Strabo
722 1938 777 2001 tx,
797 1954 824 2007 p.
846 1936 895 1999 403
907 1939 928 2005 ),
949 1955 965 1991 a
1010 1932 1094 1996 Φωκίς
1103 1933 1164 1997 ἔστι,
1173 1934 1269 2005 inquit,
1279 1932 1433 2003 πρδςᾶρκτον
1441 1930 1645 2002 παραδεδλημένη
1653 1933 1685 2003 τῇ
1693 1930 1801 2001 Βοιωτίᾳ

180 2014 320 2067 Ptolemaeo
333 2012 457 2079 demum,
471 2015 596 2085 Antigoni
615 2014 699 2079 duce,
722 2016 852 2068 mmnibus
863 2025 901 2068 est
923 2016 965 2068 in·
1009 2013 1184 2084 παραπλησίως
1200 2012 1249 2067 tat
1260 2012 1384 2079 θαλάσσης
1394 2010 1426 2073 εἰς
1440 2012 1577 2076 θάλασσαν,
1591 2010 1620 2063 τό
1632 2030 1662 2081 γε
1679 2011 1797 2065 παλαιόν.

179 2102 309 2157 stnrctns,
334 2092 441 2163 Olymp.
466 2109 526 2162 117,
545 2110 568 2147 1.
592 2094 643 2147 3ιο
666 2112 690 2147 ιι.
710 2096 741 2147 C.
764 2092 827 2147 Vid.
850 2094 962 2149 Diodor.
1009 2094 1077 2145 Sane
1090 2092 1199 2164 quidem
1215 2093 1307 2164 priscis
1328 2089 1491 2161 temporibus
1507 2089 1655 2143 Phocenses
1670 2090 1705 2143 ad
1722 2108 1800 2145 oram

179 2174 254 2235 XIX,
271 2192 315 2242 77,
329 2176 355 2236 l..
373 2172 564 2225 hnteGailium
570 2172 716 2244 jungebant
730 2174 813 2244 τεῖχος
826 2172 965 2239 iliricum
1009 2170 1140 2224 borealem
1156 2172 1357 2243 pertinuerunt,
1371 2170 1560 2241 Daphnuntem
1578 2169 1614 2222 ibi
1630 2168 1724 2221 urbem
1737 2189 1800 2241 pos·
1882 2191 1883 2194 ¹

179 2270 264 2323 coque
285 2250 434 2305 Dodwcllus
459 2250 640 2305 demonstrare
659 2252 781 2306 studebat
810 2255 964 2324 scriptorem
1010 2249 1134 2315 sidentes,
1143 2248 1324 2321 eujusditione
1333 2252 1476 2303 Locrenses
1485 2245 1800 2320 EpicnemidiiahOpun·

180 2340 300 2382 nostrum
322 2340 381 2401 post
397 2348 499 2383 eversas
518 2331 622 2385 Thebas
642 2332 744 2384 vixisse.
763 2332 774 2399 ll
788 2362 825 2375 —
840 2333 964 2403 Λοκρῶν
1010 2332 1053 2382 tiis
1064 2328 1329 2399 dirimebantur(Cl.
1347 2330 1447 2384 Plinius
1459 2330 1509 2393 lV,
1525 2329 1555 2381 ι3
1571 2328 1714 2381 :Phocidis
1726 2330 1754 2381 in
1766 2332 1799 2382 li·
1883 2393 1884 2396 ρ

179 2409 294 2481 ὁρίων]
308 2410 401 2461 λευνιῖιν
413 2410 487 2481 θρίων
499 2408 582 2463 codex
592 2430 599 2477 ;
612 2428 665 2463 em.
679 2411 831 2464 Palmerius.
1010 2418 1065 2460 tore
1075 2426 1155 2461 tinum
1164 2408 1313 2479 Daphnis)
1324 2427 1332 2471 ;
1345 2406 1442 2461 deinde
1454 2425 1516 2459 vem
1526 2406 1687 2477 Daphnunte
1697 2407 1798 2473 dimta,

215 2492 231 2557 S
252 2494 295 2543 60.
322 2489 434 2553 Ιίῦνος,
462 2486 595 2557 Ὀποῦς]
616 2489 766 2560 Ιίυνοσοῦρος
788 2488 889 2555 codex;
909 2509 962 2544 em.
1009 2486 1066 2540 haec
1085 2488 1158 2557 regio
1181 2488 1354 2541 locrensium
1377 2486 1443 2540 laeta
1460 2496 1508 2537 ast.
1530 2484 1584 2539 Sed
1603 2484 1669 2557 qnid
1688 2485 1744 2539 haec
1764 2486 1800 2539 sd

179 2569 340 2621 Gronovius.
363 2568 485 2619 Cetemm
504 2569 579 2638 Opus
599 2580 660 2621 ante
672 2570 777 2639 Cynum
795 2568 967 2623 memoranda
1009 2564 1159 2636 Scylacem?
1177 2566 1291 2635 quinon
1309 2566 1378 2619 hanc
1395 2563 1476 2617 modo
1493 2566 1643 2633 regionem,
1662 2563 1695 2616 ad
1714 2575 1800 2619 totam

180 2656 244 2699 erut.
260 2650 269 2715 ll
285 2676 321 2687 -
336 2644 412 2713 σ’]Λ
430 2648 561 2715 Larymna
574 2645 606 2700 ad
621 2647 721 2718 Alopen
734 2648 801 2702 linea
821 2658 890 2699 recto
903 2658 965 2702 sunt
1009 2662 1094 2707 oram,
1106 2663 1165 2715 quae
1177 2646 1348 2697 locrensium
1365 2642 1459 2708 luerat,
1472 2643 1653 2697 phocensibus
1665 2644 1797 2697 attribuit.

181 2724 213 2777 ad
226 2726 278 2777 250
291 2723 391 2788 stadia,
410 2726 450 2775 sin
468 2722 600 2777 arrlmctus
620 2726 703 2778 litoris
723 2727 852 2795 sequaris,
868 2727 907 2779 rel
921 2744 964 2779 su·
1009 2754 1046 2764 -
1058 2725 1158 2777 (ricinis
1170 2724 1233 2778 urbs
1249 2726 1328 2777 etiam
1340 2724 1425 2777 Plinio
1445 2733 1553 2776 vocatur
1571 2723 1640 2790 (IV,
1654 2740 1684 2775 ra
1694 2726 1722 2789 );
1734 2725 1797 2777 reli·

106 2866 109 2872 Ι
181 2804 303 2873 pra350.
324 2804 386 2870 11-
409 2803 573 2873 Λάρυμνα]
596 2802 733 2871 sellio
752 2806 882 2876 Λάρυμνα,
907 2822 966 2878 qum
1009 2803 1069 2871 quis
1086 2803 1217 2875 Κνημῖδες.
1238 2805 1273 2855 V.
1294 2802 1387 2855 Strabo
1403 2820 1431 2875 p.
1451 2805 1519 2866 κήδη
1540 2800 1651 2855 Ptolem.
1671 2802 1726 2867 111,
1746 2806 1797 2865 15;

183 2883 302 2934 Locridis
319 2893 374 2935 erat
394 2898 401 2934 ι
419 2883 460 2934 καί
478 2881 526 2953 γὰρ
546 2881 614 2953 ἑτέρα
628 2883 692 2937 ἐστὶν
712 2883 750 2938 ἐπί
761 2888 792 2956 τῇ
807 2883 934 2958 θαλάσσῃ,
948 2886 964 2954 ἡ
1008 2881 1077 2936 Mela
1089 2885 1125 2948 11,
1139 2885 1165 2947 3,
1179 2888 1206 2936 6.
1220 2883 1279 2952 11-
1291 2883 1449 2952 Φωκέων]
1467 2881 1591 2936 Φωκαίων
1605 2880 1698 2934 codex.
1884 2869 1885 2931 i

182 2959 312 3026 Βοιωτικὴ,
325 2957 341 3034 ᾗ
354 2963 501 3033 προσέθεσαν
516 2961 638 3034 Ῥωμαῖοι
656 2961 700 3030 τὴν
715 2965 766 3016 ἅνω
781 2965 894 3033 (Strabo
914 2968 964 3032 tx,
1045 2965 1115 3030 562.
1128 2964 1359 3033 Λιμοδωριεῖς]
1371 2961 1535 3034 Hesychius:
1550 2961 1717 3032 Λιμοδωριεΐς·
1731 2959 1800 3011 οὔτω

181 3058 209 3112 p.
226 3044 276 3104 406
290 3051 371 3104 σιτία,
381 3041 426 3094 uhi
442 3059 467 3094 ν.
482 3041 631 3096 Groskmd.
643 3046 663 3111 ).
680 3041 720 3096 Cs,
737 3043 836 3097 Plinius
847 3046 896 3110 IV,
915 3061 964 3111 ¹²3
1010 3037 1149 3108 ἐκλήθησαν
1163 3040 1187 3092 ol
1204 3039 1252 3095 ἀπὸ
1268 3040 1475 3105 Πελοποννήσου,
1496 3037 1597 3110 ἇρορίας
1612 3037 1724 3108 χαλεπῆς
1745 3038 1804 3092 ἐκεῖ

181 3120 321 3174 Pausanias
339 3121 391 3184 IX,
406 3121 457 3186 23,
480 3139 512 3190 73
531 3121 589 3175 Gell
608 3121 727 3191 [timos
740 3127 832 3176 Gmrce
851 3140 879 3194 p.
896 3141 963 3194 ¹¹73
1009 3121 1152 3190 γενομένης,
1162 3118 1340 3182 ἀποικισθέντες
1348 3119 1389 3172 διὰ
1400 3119 1491 3186 ταύτην
1503 3116 1548 3185 τήν
1560 3116 1650 3182 αἰτίαν,
1662 3118 1704 3169 καὶ
1713 3137 1799 3170 κατοι-

181 3198 287 3251 Ulrichs
302 3197 392 3252 lieisen
407 3199 434 3252 ιἰι
449 3199 637 3253 Griechenlnnd
651 3203 679 3266 1,
694 3218 720 3272 p.
740 3217 792 3272 ουρ
806 3220 863 3273 sqq.
1010 3197 1129 3262 κήσαντες
1140 3199 1195 3270 περὶ
1206 3197 1294 3251 Ῥόδον
1307 3199 1348 3252 καὶ
1358 3199 1456 3252 Κνίδον.
1467 3200 1572 3270 Δίδυμος
1584 3196 1610 3250 δὲ
1623 3197 1678 3257 τοὺς
1688 3197 1744 3267 περί
1752 3195 1800 3262 τὴν

217 3280 232 3346 S
245 3281 288 3332 61.
302 3276 450 3348 θρόνιον,
471 3277 531 3346 Κνη
541 3278 612 3349 ple]
627 3277 763 3334 Dehebat:
782 3281 873 3352 Κνημίς
885 3285 895 3350 (
906 3282 965 3336 Kri-
1010 3275 1087 3344 Οἴτην
1101 3276 1245 3350 (θτηνσοιί.
1260 3278 1270 3350 )
1286 3279 1527 3340 κατοικοῦντεςοθτω
1540 3275 1656 3348 λέγεσθαι
1666 3275 1707 3328 διδ
1718 3276 1748 3330 ‘rh
1758 3275 1800 3329 λι-

183 3373 221 3424 μις
241 3353 301 3408 eod.
313 3353 335 3426 ),
351 3355 463 3426 θρόνων.
487 3359 526 3410 Ae
544 3357 694 3412 Thronium
706 3357 830 3430 quidem,
846 3362 966 3430 quamvis
1011 3359 1115 3427 μώττειν
1128 3358 1169 3410 καί
1180 3355 1310 3428 μοχθηρὰν
1322 3357 1389 3430 ἔχειν
1402 3359 1493 3426 ταύτην
1506 3353 1569 3426 [τήν
1581 3359 1630 3428 γῆν
1639 3359 1658 3424 ].
1678 3359 1801 3412 Priorem

181 3449 217 3488 ao
230 3434 312 3487 stadia
323 3433 356 3488 ab
371 3453 417 3488 ora
428 3435 560 3500 dissitum,
573 3435 619 3490 sed
631 3447 712 3508 portu
723 3448 811 3492 tamen
825 3456 886 3492 cunr
899 3442 966 3494 mari
1012 3439 1129 3490 nominis
1144 3437 1344 3509 explicationem
1356 3438 1449 3491 Suidas
1457 3455 1563 3510 quoque
1573 3445 1601 3489 et
1609 3435 1718 3490 Photius
1731 3456 1754 3490 s.
1772 3459 1798 3492 ν.

177 3510 311 3582 junctum,
326 3514 396 3566 inter
407 3515 539 3566 maritima
552 3513 610 3567 looa
630 3517 758 3569 recenseri
772 3527 890 3588 poterat;
905 3519 967 3572 reli-
1010 3515 1153 3580 exhibent,
1167 3515 1264 3586 quibus
1281 3514 1349 3568 adde
1358 3515 1528 3578 Plutarchum
1542 3516 1570 3568 in
1583 3511 1709 3570 lhorerh.
1722 3517 1749 3580 Ι,
1762 3519 1797 3580 34

181 3593 240 3660 quis
251 3590 356 3644 duobus
365 3591 548 3662 praemittenda
556 3604 632 3646 erant
643 3593 741 3648 verba:
758 3595 782 3648 ἔν
797 3597 914 3668 μεσογείᾳ
927 3601 963 3654 δέ.
1013 3613 1041 3668 p.
1074 3597 1126 3648 326
1147 3595 1191 3648 ed.
1213 3595 1378 3650 Schneidew.
1402 3606 1429 3648 et
1450 3593 1573 3650 Leutseh.
1598 3611 1605 3647 ε
1627 3595 1797 3666 Λιμοὸωριεῖς.

181 3671 304 3722 Ceterum
311 3671 966 3744 Cnemis,ThmniumceteraequeurboeLocrorum
1011 3675 1137 3737 Σιτσδείας
1157 3673 1215 3728 ποτὲ
1229 3676 1363 3745 γενομένης
1383 3673 1408 3728 lv
1422 3671 1622 3744 Πελοποννήσῳ,
1644 3671 1729 3742 ἔρθδιά
1743 3692 1801 3726 τινα
1819 3723 1823 3730 .

182 3745 426 3817 Epicnemidiornm
439 3749 466 3800 iu
480 3759 635 3820 potestatem
652 3752 826 3806 Phocensium
840 3767 966 3810 venerant
1011 3753 1129 3816 λαδόντες
1147 3752 1243 3824 ἀπῆραν
1254 3773 1260 3784 ·
1272 3753 1441 3824 πλανορένους
1454 3753 1481 3806 δὲ
1492 3751 1578 3814 αθτοθς
1597 3750 1759 3818 ἅπαδίξατοή
1772 3754 1798 3808 ἓν

182 3833 301 3897 tempore
312 3823 370 3880 belli
383 3827 459 3878 satri.
472 3826 536 3897 Ejus
545 3845 614 3880 anno
626 3831 705 3882 tertio
717 3829 771 3897 (Ol.
788 3835 847 3896 106,
862 3834 965 3902 4353)
1014 3830 1094 3904 Ῥόδῳ
1112 3832 1230 3902 τρίπολις.
1257 3829 1413 3900 Ἐκλήθησαν
1430 3832 1456 3886 δὲ
1476 3832 1607 3885 briantino
1626 3832 1797 3902 Λιμοδωριεῖς.

182 3903 366 3956 Onomarchus
377 3905 525 3957 Thronium
539 3908 698 3976 expugnarit
711 3907 859 3978 incolasque
871 3911 897 3962 in
911 3929 965 3964 ser-
1010 3911 1131 3965 Severior
1145 3912 1254 3964 historia
1267 3929 1322 3964 non
1336 3913 1411 3965 norit
1423 3912 1493 3965 hanc
1502 3910 1593 3984 populi
1603 3910 1800 3964 denominatio·

182 3982 294 4034 vitutem
308 3981 395 4052 abegit
404 3983 528 4050 (Diodor.
540 3985 616 4048 XVI,
631 3985 674 4050 33,
688 3986 703 4038 3
715 3989 745 4054 );
760 4003 831 4040 anno
845 3991 964 4058 sequenti
1009 4009 1087 4055 nem,
1105 4009 1163 4060 quae
1181 3992 1345 4043 comicorum
1363 3990 1479 4043 dicteriis
1497 3991 1539 4043 vel
1549 3989 1671 4062 populari
1693 3988 1799 4042 facetia-

183 4060 303 4132 Phayllus
314 4060 427 4132 reliquas
437 4062 516 4115 urbes
533 4065 601 4135 cepit
613 4063 747 4135 diruitque
765 4067 776 4134 (
786 4066 867 4120 Diod.
882 4069 964 4135 XVI,
1009 4087 1070 4122 rum
1090 4069 1179 4122 studio
1198 4068 1290 4122 deberi
1311 4068 1426 4122 ridetur.
1447 4071 1539 4140 Neque
1557 4071 1586 4122 in
1604 4079 1696 4121 nostro
1711 4067 1800 4121 libello

183 4140 227 4204 30,
239 4142 254 4193 3
266 4157 326 4210 sqq.
338 4143 359 4210 ).
373 4139 414 4194 Cf.
428 4141 563 4196 AEschinas
572 4145 613 4196 De
625 4142 681 4196 sals.
697 4143 746 4213 leg.
760 4161 788 4216 p.
799 4147 843 4210 15,
857 4146 889 4200 33
905 4167 964 4220 sqq.
1010 4150 1110 4202 mentio
1130 4166 1221 4201 earum
1241 4148 1275 4201 ab
1295 4149 1352 4219 ipso
1374 4149 1469 4220 Peripli
1483 4159 1592 4202 auctore
1608 4146 1726 4220 proiecta
1743 4166 1800 4200 esse

182 4219 252 4271 llinc
259 4218 314 4290 jam
326 4219 470 4273 Palmerins
482 4223 492 4289 (
502 4223 602 4276 Graecia
615 4233 670 4276 ant.
689 4240 715 4294 p.
733 4225 783 4276 566
796 4227 858 4296 sq.)
874 4229 965 4280 rectis·
1009 4231 1092 4300 possit
1104 4229 1257 4282 existimari.
1273 4231 1350 4283 Certe
1364 4231 1465 4283 ratione
1477 4229 1684 4283 introducuntur
1698 4230 1797 4298 inepta,

181 4300 247 4350 sime
256 4297 358 4368 collegit
368 4299 502 4370 Periplum
519 4311 707 4355 nostrumnon
723 4321 778 4356 esse
795 4304 850 4356 istis
864 4315 966 4376 tempo·
1010 4325 1095 4378 quum
1124 4307 1225 4380 tripolis
1248 4311 1345 4362 Dorica
1370 4311 1398 4363 in
1419 4309 1618 4363 mediterraneis
1643 4326 1713 4379 pone
1739 4310 1798 4360 hla-

182 4375 256 4428 ribus
278 4379 463 4448 antiquiorem.
494 4377 640 4451 Respondit
665 4383 899 4448 Sancto-Crucius,
926 4388 967 4440 vir
1010 4385 1552 4460 liensessitaesset,minimequeadoram
1564 4389 1723 4442 maritimam
1737 4405 1800 4457 per-

182 4453 369 4524 ἇκριτικκίιτατσς
392 4459 492 4525 (Mem.
514 4458 545 4512 de
565 4459 671 4514 I’Acncl.
693 4473 713 4514 t.
729 4463 856 4533 xunp.
882 4464 964 4533 366),
1010 4467 1116 4530 tineret‚
1127 4465 1155 4518 id
1168 4467 1241 4537 quod
1256 4487 1289 4520 ex
1302 4469 1389 4521 verbis
1398 4469 1423 4523 ἐν
1435 4467 1696 4542 τσθτῳίτῷ]κθλπιρ
1707 4485 1800 4520 rerum

183 4531 253 4584 baud
266 4551 297 4586 ex
311 4535 434 4588 AEschine
444 4535 604 4591 documenta
617 4557 663 4591 sua
675 4541 795 4610 petivisse
815 4542 964 4614 Scylacem,
1011 4546 1094 4614 ignari
1121 4545 1243 4616 colligere
1262 4546 1404 4600 debebant.
1428 4547 1581 4601 Clausenius
1601 4545 1710 4618 quidem
1741 4545 1801 4598 hacc

183 4628 310 4680 posseque
319 4613 430 4667 Thronii
447 4619 669 4686 expugnationem
690 4618 723 4670 ad
734 4621 823 4690 priora
847 4631 967 4694 tempora
1010 4636 1081 4676 recte
1092 4623 1187 4677 bahem
1204 4637 1292 4678 censet
1305 4643 1312 4678 :
1335 4651 1346 4671 ·
1356 4626 1465 4697 Scylax,
1476 4628 1529 4691 ait,
1542 4623 1747 4679 aPhocensibns
1764 4623 1802 4676 ad

183 4691 321 4742 removeri.
353 4695 477 4746 Attamen
505 4695 565 4748 belli
604 4696 815 4768 Peloponnesiaci
848 4710 967 4772 tempore
1011 4702 1189 4755 enarrandum
1201 4704 1289 4757 sinum
1300 4705 1452 4758 Maliensem
1471 4706 1572 4776 pergit,
1586 4703 1699 4773 ideoque
1712 4721 1800 4774 popu-

182 4767 331 4820 Thronium
350 4787 403 4824 non
420 4783 475 4824 erat
495 4775 686 4841 Phocensium,
708 4775 755 4829 sed
777 4781 965 4848 Locrensium,
1011 4779 1067 4832 lum
1082 4799 1098 4833 a
1116 4799 1170 4851 quo
1183 4783 1324 4836 nomenis
1346 4785 1491 4855 acceperit,
1512 4793 1711 4835 commemorat.
1727 4783 1801 4836 Tum

182 4855 249 4897 teste
258 4844 414 4915 Thucydide
422 4851 458 4913 Il,
467 4857 511 4915 αθ,
522 4852 581 4905 coll.
595 4853 714 4907 Diodoro
723 4856 785 4920 XII,
795 4860 839 4920 44,
854 4874 864 4910 1
880 4858 967 4912 :adeo
1011 4860 1131 4913 meminit
1150 4862 1337 4928 Doriensium,
1356 4882 1463 4935 quorum
1484 4860 1555 4914 ditio
1576 4871 1689 4926 παραιτία
1710 4871 1802 4912 tractu

184 4933 212 4976 nt
235 4923 275 4977 bis
289 4924 401 4978 locride
414 4927 560 4983 Phocenses
575 4934 670 5004 petitos
692 4951 747 4987 esse
763 4935 825 5006 fingi
846 4934 964 4991 deberet.
1011 4937 1612 5008 nsquendlruncsinumercrrrritfflerodot.
1628 4936 1800 5004 vl11‚31);

182 5001 283 5055 Gallius
295 5020 357 5055 vero
369 5005 504 5075 utprohet
519 5009 597 5063 rerba
611 5012 722 5083 Seylacis
734 5013 844 5080 διήκουσι
858 5013 905 5085 γὰρ
924 5011 967 5068 σθ·
1010 5016 1108 5088 quibus
1127 5016 1264 5090 descriptis
1283 5017 1317 5072 de
1335 5020 1397 5089 ipsis
1414 5015 1479 5070 dicit
1495 5015 1675 5072 hlaliensibus.
1694 5014 1803 5066 Horum

182 5097 221 5132 τοι
234 5079 267 5142 είς
278 5079 322 5148 τὴν
333 5080 458 5136 θάλασσαν
470 5085 559 5153 ταθτην
572 5093 770 5144 vetustissimam
781 5092 893 5164 prodere
905 5113 966 5164 geo·
1010 5098 1082 5150 enim
1092 5096 1200 5150 ditionis
1213 5109 1276 5151 sunt
1286 5097 1479 5168 Thermopyla,
1489 5097 1599 5150 Trachis
1604 5097 1702 5162 ,onia
1716 5093 1803 5144 Hera-

183 5160 335 5230 graphium,
350 5162 748 5239 Sllssbotlt’mtffetbqttl(lx,
769 5189 796 5242 p.
815 5175 909 5242 416);
934 5172 965 5226 ἹΙ
1011 5176 1066 5228 elea
1084 5187 1109 5229 et
1134 5179 1219 5230 arsuris
1237 5177 1388 5249 Sperchios.
1411 5201 1422 5222 ν
1447 5180 1482 5229 Λῑ
1500 5175 1629 5229 Herodoti
1649 5174 1708 5227 loco
1733 5169 1803 5222 nihil
