<?xml version="1.0" encoding="UTF-8"?>
<!DOCTYPE html PUBLIC "-//W3C//DTD XHTML 1.0 Transitional//EN"
    "http://www.w3.org/TR/xhtml1/DTD/xhtml1-transitional.dtd">
<html xmlns="http://www.w3.org/1999/xhtml" xml:lang="en" lang="en">
 <head>
  <title>
</title>
<meta http-equiv="Content-Type" content="text/html;charset=utf-8" />
  <meta name='ocr-system' content='tesseract 3.04.00' />
  <meta name='ocr-capabilities' content='ocr_page ocr_carea ocr_par ocr_line ocrx_word'/>
</head>
<body>
  <div class='ocr_page' id='page_1' title='image "./geographigraeci00unkngoog_0115.png"; bbox 0 0 3775 5750; ppageno 0'>
   <div class='ocr_carea' id='block_1_1' title="bbox 367 318 1681 388">
    <p class='ocr_par' dir='ltr' id='par_1_1' title="bbox 367 318 1681 388">
     <span class='ocr_line' id='line_1_1' title="bbox 367 318 1681 388; baseline 0.007 -10"><span class='ocrx_word' id='word_1_1' title='bbox 367 320 418 379; x_wconf 75' lang='grc' dir='ltr'><strong>ΒΕ</strong></span> <span class='ocrx_word' id='word_1_2' title='bbox 439 318 630 379; x_wconf 77' lang='lat' dir='ltr'><strong>suoutttto</strong></span> <span class='ocrx_word' id='word_1_3' title='bbox 652 319 830 380; x_wconf 77' lang='lat' dir='ltr'>AUCTORE</span> <span class='ocrx_word' id='word_1_4' title='bbox 852 320 1003 381; x_wconf 75' lang='lat' dir='ltr'><strong>Psutrtt</strong></span> <span class='ocrx_word' id='word_1_5' title='bbox 1026 323 1150 385; x_wconf 81' lang='lat' dir='ltr'><strong>ttttus</strong></span> <span class='ocrx_word' id='word_1_6' title='bbox 1171 324 1394 387; x_wconf 79' lang='lat' dir='ltr'><strong>ENYl&#39;llllAEl.</strong></span> <span class='ocrx_word' id='word_1_7' title='bbox 1623 346 1681 388; x_wconf 85' lang='lat' dir='ltr'><strong>cut</strong></span> 
     </span>
    </p>
   </div>
   <div class='ocr_carea' id='block_1_2' title="bbox 15 440 1688 5025">
    <p class='ocr_par' dir='ltr' id='par_1_2' title="bbox 67 440 1688 2243">
     <span class='ocr_line' id='line_1_2' title="bbox 67 440 1684 525; baseline 0.004 -27"><span class='ocrx_word' id='word_1_8' title='bbox 67 452 218 518; x_wconf 85' lang='lat' dir='ltr'><strong>serpentes</strong></span> <span class='ocrx_word' id='word_1_9' title='bbox 240 441 315 517; x_wconf 89' lang='lat' dir='ltr'><strong>nigri</strong></span> <span class='ocrx_word' id='word_1_10' title='bbox 333 460 425 519; x_wconf 87' lang='lat' dir='ltr'><strong>prope</strong></span> <span class='ocrx_word' id='word_1_11' title='bbox 443 440 539 499; x_wconf 92' lang='lat' dir='ltr'><strong>sinum</strong></span> <span class='ocrx_word' id='word_1_12' title='bbox 559 440 687 512; x_wconf 89' lang='lat' dir='ltr'><strong>lrinum,</strong></span> <span class='ocrx_word' id='word_1_13' title='bbox 701 440 811 501; x_wconf 80' lang='lat' dir='ltr'><strong>virides</strong></span> <span class='ocrx_word' id='word_1_14' title='bbox 827 442 858 499; x_wconf 89' lang='lat' dir='ltr'><strong>in</strong></span> <span class='ocrx_word' id='word_1_15' title='bbox 900 442 987 502; x_wconf 90' lang='lat' dir='ltr'><strong>nibus</strong></span> <span class='ocrx_word' id='word_1_16' title='bbox 1000 443 1129 503; x_wconf 86' lang='lat' dir='ltr'><strong>obnoxia</strong></span> <span class='ocrx_word' id='word_1_17' title='bbox 1139 446 1187 504; x_wconf 89' lang='lat' dir='ltr'><strong>sit.</strong></span> <span class='ocrx_word' id='word_1_18' title='bbox 1199 480 1237 491; x_wconf 93' lang='lat'>-</span> <span class='ocrx_word' id='word_1_19' title='bbox 1247 446 1390 505; x_wconf 79' lang='lat' dir='ltr'><strong>l’raeterea</strong></span> <span class='ocrx_word' id='word_1_20' title='bbox 1402 451 1570 523; x_wconf 73' lang='lat' dir='ltr'><em>navigiorum</em></span> <span class='ocrx_word' id='word_1_21' title='bbox 1579 469 1684 525; x_wconf 75' lang='lat' dir='ltr'><strong>garrera</strong></span> 
     </span>
     <span class='ocr_line' id='line_1_3' title="bbox 68 534 1681 620; baseline 0.006 -29"><span class='ocrx_word' id='word_1_22' title='bbox 68 538 141 594; x_wconf 82' lang='lat' dir='ltr'><strong>mari</strong></span> <span class='ocrx_word' id='word_1_23' title='bbox 167 534 355 615; x_wconf 81' lang='lat' dir='ltr'><strong>barygazenu</strong></span> <span class='ocrx_word' id='word_1_24' title='bbox 380 537 483 615; x_wconf 70' lang='lat' dir='ltr'><strong>(Sin),</strong></span> <span class='ocrx_word' id='word_1_25' title='bbox 506 538 552 595; x_wconf 92' lang='lat' dir='ltr'><strong>sin</strong></span> <span class='ocrx_word' id='word_1_26' title='bbox 573 556 676 595; x_wconf 86' lang='lat' dir='ltr'><strong>versus</strong></span> <span class='ocrx_word' id='word_1_27' title='bbox 698 535 765 595; x_wconf 87' lang='lat' dir='ltr'><strong>ludi</strong></span> <span class='ocrx_word' id='word_1_28' title='bbox 779 538 856 595; x_wconf 88' lang='lat' dir='ltr'><strong>ostia</strong></span> <span class='ocrx_word' id='word_1_29' title='bbox 895 539 926 596; x_wconf 90' lang='lat' dir='ltr'><strong>in</strong></span> <span class='ocrx_word' id='word_1_30' title='bbox 949 538 1016 596; x_wconf 86' lang='lat' dir='ltr'><strong>aliis</strong></span> <span class='ocrx_word' id='word_1_31' title='bbox 1039 538 1209 614; x_wconf 85' lang='lat' dir='ltr'><strong>regionibus</strong></span> <span class='ocrx_word' id='word_1_32' title='bbox 1230 541 1289 598; x_wconf 88' lang='lat' dir='ltr'><strong>alia</strong></span> <span class='ocrx_word' id='word_1_33' title='bbox 1316 554 1416 599; x_wconf 87' lang='lat' dir='ltr'><strong>notare</strong></span> <span class='ocrx_word' id='word_1_34' title='bbox 1439 542 1521 601; x_wconf 89' lang='lat' dir='ltr'><strong>solet.</strong></span> <span class='ocrx_word' id='word_1_35' title='bbox 1550 542 1681 620; x_wconf 88' lang='grc' dir='ltr'>Ιίλοιόρια</span> 
     </span>
     <span class='ocr_line' id='line_1_4' title="bbox 67 630 1683 713; baseline 0.006 -25"><span class='ocrx_word' id='word_1_36' title='bbox 67 651 185 689; x_wconf 87' lang='lat' dir='ltr'><strong>cursum</strong></span> <span class='ocrx_word' id='word_1_37' title='bbox 194 630 336 701; x_wconf 85' lang='lat' dir='ltr'><strong>tenueris,</strong></span> <span class='ocrx_word' id='word_1_38' title='bbox 345 632 857 705; x_wconf 80' lang='lat' dir='ltr'><strong>longeadhucatcrrasemotooccrm</strong></span> <span class='ocrx_word' id='word_1_39' title='bbox 897 634 985 711; x_wconf 80' lang='grc' dir='ltr'>ραπτδ</span> <span class='ocrx_word' id='word_1_40' title='bbox 999 632 1044 690; x_wconf 86' lang='grc' dir='ltr'><strong>καί</strong></span> <span class='ocrx_word' id='word_1_41' title='bbox 1059 633 1187 709; x_wconf 77' lang='grc' dir='ltr'>μονόξυλα</span> <span class='ocrx_word' id='word_1_42' title='bbox 1201 635 1236 693; x_wconf 90' lang='lat' dir='ltr'><strong>ad</strong></span> <span class='ocrx_word' id='word_1_43' title='bbox 1252 634 1363 713; x_wconf 78' lang='lat' dir='ltr'>Rhapta</span> <span class='ocrx_word' id='word_1_44' title='bbox 1375 637 1606 713; x_wconf 79' lang='lat' dir='ltr'><strong>promontorium</strong></span> <span class='ocrx_word' id='word_1_45' title='bbox 1620 638 1683 711; x_wconf 86' lang='grc' dir='ltr'>(οιιί</span> 
     </span>
     <span class='ocr_line' id='line_1_5' title="bbox 68 726 1684 809; baseline 0.004 -24"><span class='ocrx_word' id='word_1_46' title='bbox 68 729 105 785; x_wconf 93' lang='lat' dir='ltr'><strong>rit</strong></span> <span class='ocrx_word' id='word_1_47' title='bbox 114 727 199 785; x_wconf 82' lang='lat' dir='ltr'><strong>lluvii</strong></span> <span class='ocrx_word' id='word_1_48' title='bbox 209 726 362 805; x_wconf 86' lang='lat' dir='ltr'><strong>aquaalba</strong></span> <span class='ocrx_word' id='word_1_49' title='bbox 376 728 470 805; x_wconf 85' lang='grc'>(538).</span> <span class='ocrx_word' id='word_1_50' title='bbox 486 728 552 785; x_wconf 82' lang='lat' dir='ltr'><strong>Alia</strong></span> <span class='ocrx_word' id='word_1_51' title='bbox 563 728 747 787; x_wconf 85' lang='lat' dir='ltr'><strong>suntindicia</strong></span> <span class='ocrx_word' id='word_1_52' title='bbox 760 726 856 786; x_wconf 78' lang='grc' dir='ltr'>τοπικίι</span> <span class='ocrx_word' id='word_1_53' title='bbox 896 729 966 788; x_wconf 92' lang='lat' dir='ltr'><strong>hinc</strong></span> <span class='ocrx_word' id='word_1_54' title='bbox 979 750 1085 788; x_wconf 88' lang='lat' dir='ltr'><strong>nomen</strong></span> <span class='ocrx_word' id='word_1_55' title='bbox 1097 744 1140 789; x_wconf 91' lang='lat' dir='ltr'><strong>est</strong></span> <span class='ocrx_word' id='word_1_56' title='bbox 1151 733 1159 809; x_wconf 98' lang='grc'>)</span> <span class='ocrx_word' id='word_1_57' title='bbox 1172 745 1202 788; x_wconf 88' lang='lat' dir='ltr'><strong>et</strong></span> <span class='ocrx_word' id='word_1_58' title='bbox 1221 730 1436 791; x_wconf 89' lang='lat' dir='ltr'><strong>blenuthiaderu</strong></span> <span class='ocrx_word' id='word_1_59' title='bbox 1458 733 1583 791; x_wconf 89' lang='lat' dir='ltr'><strong>insulam</strong></span> <span class='ocrx_word' id='word_1_60' title='bbox 1598 754 1684 793; x_wconf 88' lang='lat' dir='ltr'><strong>usur·</strong></span> 
     </span>
     <span class='ocr_line' id='line_1_6' title="bbox 69 820 1687 909; baseline 0.005 -31"><span class='ocrx_word' id='word_1_61' title='bbox 69 821 267 899; x_wconf 88' lang='lat' dir='ltr'><strong>impendentis</strong></span> <span class='ocrx_word' id='word_1_62' title='bbox 288 822 476 901; x_wconf 77' lang='lat' dir='ltr'><strong>tempestatis.</strong></span> <span class='ocrx_word' id='word_1_63' title='bbox 500 820 612 891; x_wconf 86' lang='lat' dir='ltr'><strong>Quodsi</strong></span> <span class='ocrx_word' id='word_1_64' title='bbox 627 821 663 881; x_wconf 82' lang='lat' dir='ltr'><strong>arl</strong></span> <span class='ocrx_word' id='word_1_65' title='bbox 689 826 856 881; x_wconf 71' lang='lat' dir='ltr'><strong>dromatum</strong></span> <span class='ocrx_word' id='word_1_66' title='bbox 897 838 970 902; x_wconf 90' lang='lat' dir='ltr'><strong>pant</strong></span> <span class='ocrx_word' id='word_1_67' title='bbox 995 826 1025 901; x_wconf 92' lang='grc'>(5</span> <span class='ocrx_word' id='word_1_68' title='bbox 1044 824 1088 884; x_wconf 84' lang='grc' dir='ltr'>ι5.</span> <span class='ocrx_word' id='word_1_69' title='bbox 1106 824 1169 905; x_wconf 75' lang='grc' dir='ltr'>ιδ),</span> <span class='ocrx_word' id='word_1_70' title='bbox 1187 824 1303 905; x_wconf 77' lang='grc' dir='ltr'><strong>σχεδίαις</strong></span> <span class='ocrx_word' id='word_1_71' title='bbox 1326 827 1454 894; x_wconf 84' lang='grc' dir='ltr'>ε’ντοπίαις</span> <span class='ocrx_word' id='word_1_72' title='bbox 1473 828 1639 909; x_wconf 83' lang='grc' dir='ltr'>δερματίναις</span> <span class='ocrx_word' id='word_1_73' title='bbox 1658 824 1687 896; x_wconf 72' lang='grc' dir='ltr'><strong>ἐξ</strong></span> 
     </span>
     <span class='ocr_line' id='line_1_7' title="bbox 69 918 1685 1004; baseline 0.005 -28"><span class='ocrx_word' id='word_1_74' title='bbox 69 920 387 997; x_wconf 90' lang='lat' dir='ltr'><strong>promontoriumaqua</strong></span> <span class='ocrx_word' id='word_1_75' title='bbox 396 918 509 979; x_wconf 90' lang='lat' dir='ltr'><strong>turbari</strong></span> <span class='ocrx_word' id='word_1_76' title='bbox 519 920 608 998; x_wconf 79' lang='lat' dir='ltr'><strong>erepit</strong></span> <span class='ocrx_word' id='word_1_77' title='bbox 618 931 767 997; x_wconf 87' lang='lat' dir='ltr'><strong>mutatque</strong></span> <span class='ocrx_word' id='word_1_78' title='bbox 777 920 856 978; x_wconf 88' lang='lat' dir='ltr'><strong>colo·</strong></span> <span class='ocrx_word' id='word_1_79' title='bbox 898 924 987 979; x_wconf 77' lang='grc' dir='ltr'>ἀσκῶν</span> <span class='ocrx_word' id='word_1_80' title='bbox 1009 920 1120 981; x_wconf 76' lang='lat' dir='ltr'><strong>Arabes</strong></span> <span class='ocrx_word' id='word_1_81' title='bbox 1136 922 1202 980; x_wconf 91' lang='lat' dir='ltr'><strong>thus</strong></span> <span class='ocrx_word' id='word_1_82' title='bbox 1223 924 1255 981; x_wconf 92' lang='lat' dir='ltr'><strong>in</strong></span> <span class='ocrx_word' id='word_1_83' title='bbox 1274 924 1371 984; x_wconf 75' lang='lat' dir='ltr'><strong>canen</strong></span> <span class='ocrx_word' id='word_1_84' title='bbox 1386 924 1552 983; x_wconf 82' lang='lat' dir='ltr'><strong>convehunt</strong></span> <span class='ocrx_word' id='word_1_85' title='bbox 1571 928 1598 1003; x_wconf 91' lang='grc'>(5</span> <span class='ocrx_word' id='word_1_86' title='bbox 1614 928 1685 1004; x_wconf 73' lang='grc' dir='ltr'>υ7)ς</span> 
     </span>
     <span class='ocr_line' id='line_1_8' title="bbox 70 1013 1685 1099; baseline 0.006 -30"><span class='ocrx_word' id='word_1_87' title='bbox 70 1034 143 1089; x_wconf 87' lang='lat' dir='ltr'><strong>rem,</strong></span> <span class='ocrx_word' id='word_1_88' title='bbox 155 1026 288 1073; x_wconf 80' lang='lat' dir='ltr'><strong>tremens</strong></span> <span class='ocrx_word' id='word_1_89' title='bbox 303 1028 391 1073; x_wconf 86' lang='lat' dir='ltr'><strong>nauta</strong></span> <span class='ocrx_word' id='word_1_90' title='bbox 402 1014 438 1073; x_wconf 80' lang='lat' dir='ltr'><strong>ad</strong></span> <span class='ocrx_word' id='word_1_91' title='bbox 448 1014 475 1073; x_wconf 83' lang='grc' dir='ltr'><strong>Τ</strong></span> <span class='ocrx_word' id='word_1_92' title='bbox 476 1013 597 1073; x_wconf 82' lang='lat' dir='ltr'><strong>abarum</strong></span> <span class='ocrx_word' id='word_1_93' title='bbox 609 1014 804 1092; x_wconf 83' lang='lat' dir='ltr'><strong>promontorii</strong></span> <span class='ocrx_word' id='word_1_94' title='bbox 816 1026 859 1072; x_wconf 93' lang='lat' dir='ltr'><strong>tu·</strong></span> <span class='ocrx_word' id='word_1_95' title='bbox 898 1014 1005 1074; x_wconf 83' lang='grc' dir='ltr'>ίντόπια</span> <span class='ocrx_word' id='word_1_96' title='bbox 1021 1014 1109 1097; x_wconf 68' lang='lat' dir='ltr'><strong>pensi</strong></span> <span class='ocrx_word' id='word_1_97' title='bbox 1120 1018 1245 1097; x_wconf 79' lang='grc' dir='ltr'><strong>πλοιάρια</strong></span> <span class='ocrx_word' id='word_1_98' title='bbox 1257 1016 1290 1075; x_wconf 89' lang='grc' dir='ltr'><strong>τδι</strong></span> <span class='ocrx_word' id='word_1_99' title='bbox 1304 1016 1433 1095; x_wconf 76' lang='grc' dir='ltr'>λεγόμενα</span> <span class='ocrx_word' id='word_1_100' title='bbox 1449 1020 1555 1099; x_wconf 86' lang='grc' dir='ltr'>μαδόρα</span> <span class='ocrx_word' id='word_1_101' title='bbox 1565 1023 1685 1079; x_wconf 86' lang='lat' dir='ltr'><strong>omanis</strong></span> 
     </span>
     <span class='ocr_line' id='line_1_9' title="bbox 70 1108 1686 1193; baseline 0.006 -28"><span class='ocrx_word' id='word_1_102' title='bbox 70 1122 161 1167; x_wconf 90' lang='lat' dir='ltr'><strong>tamen</strong></span> <span class='ocrx_word' id='word_1_103' title='bbox 175 1108 313 1185; x_wconf 76' lang='lat' dir='ltr'><strong>confugit</strong></span> <span class='ocrx_word' id='word_1_104' title='bbox 324 1110 358 1187; x_wconf 89' lang='lat'><strong>(§</strong></span> <span class='ocrx_word' id='word_1_105' title='bbox 368 1112 430 1188; x_wconf 81' lang='grc' dir='ltr'>ια).</span> <span class='ocrx_word' id='word_1_106' title='bbox 447 1109 630 1179; x_wconf 81' lang='lat' dir='ltr'><strong>Quibusdam</strong></span> <span class='ocrx_word' id='word_1_107' title='bbox 640 1109 672 1169; x_wconf 91' lang='lat' dir='ltr'><strong>in</strong></span> <span class='ocrx_word' id='word_1_108' title='bbox 682 1110 757 1168; x_wconf 91' lang='lat' dir='ltr'><strong>locis</strong></span> <span class='ocrx_word' id='word_1_109' title='bbox 769 1110 858 1168; x_wconf 87' lang='lat' dir='ltr'><strong>maris</strong></span> <span class='ocrx_word' id='word_1_110' title='bbox 899 1112 931 1169; x_wconf 91' lang='lat' dir='ltr'><strong>in</strong></span> <span class='ocrx_word' id='word_1_111' title='bbox 942 1111 1080 1171; x_wconf 76' lang='lat' dir='ltr'><strong>Arabiam</strong></span> <span class='ocrx_word' id='word_1_112' title='bbox 1093 1112 1289 1191; x_wconf 87' lang='lat' dir='ltr'><strong>expediuntur</strong></span> <span class='ocrx_word' id='word_1_113' title='bbox 1299 1115 1329 1191; x_wconf 91' lang='grc'>(5</span> <span class='ocrx_word' id='word_1_114' title='bbox 1340 1114 1386 1191; x_wconf 86' lang='grc'><strong>36)</strong></span> <span class='ocrx_word' id='word_1_115' title='bbox 1397 1137 1406 1187; x_wconf 89' lang='lat'>;</span> <span class='ocrx_word' id='word_1_116' title='bbox 1419 1114 1600 1193; x_wconf 69' lang='lat' dir='ltr'><strong>perplurima</strong></span> <span class='ocrx_word' id='word_1_117' title='bbox 1617 1115 1686 1174; x_wconf 76' lang='grc' dir='ltr'>διλό-</span> 
     </span>
     <span class='ocr_line' id='line_1_10' title="bbox 72 1203 1685 1287; baseline 0.005 -28"><span class='ocrx_word' id='word_1_118' title='bbox 72 1204 177 1262; x_wconf 85' lang='lat' dir='ltr'><strong>fluenta</strong></span> <span class='ocrx_word' id='word_1_119' title='bbox 187 1206 405 1280; x_wconf 79' lang='lat' dir='ltr'><strong>navigationem</strong></span> <span class='ocrx_word' id='word_1_120' title='bbox 420 1205 592 1277; x_wconf 88' lang='lat' dir='ltr'><strong>secundant,</strong></span> <span class='ocrx_word' id='word_1_121' title='bbox 607 1218 638 1263; x_wconf 94' lang='lat' dir='ltr'><strong>ut</strong></span> <span class='ocrx_word' id='word_1_122' title='bbox 652 1206 677 1264; x_wconf 91' lang='lat' dir='ltr'><strong>si</strong></span> <span class='ocrx_word' id='word_1_123' title='bbox 690 1206 757 1283; x_wconf 86' lang='lat' dir='ltr'><strong>quis</strong></span> <span class='ocrx_word' id='word_1_124' title='bbox 766 1203 792 1261; x_wconf 80' lang='lat' dir='ltr'><strong>&#39;l&#39;</strong></span> <span class='ocrx_word' id='word_1_125' title='bbox 793 1203 858 1264; x_wconf 90' lang='lat' dir='ltr'><strong>abis</strong></span> <span class='ocrx_word' id='word_1_126' title='bbox 898 1228 974 1285; x_wconf 77' lang='grc' dir='ltr'>γσται</span> <span class='ocrx_word' id='word_1_127' title='bbox 988 1206 1134 1287; x_wconf 83' lang='grc' dir='ltr'>τρόππσγσ</span> <span class='ocrx_word' id='word_1_128' title='bbox 1152 1208 1199 1265; x_wconf 87' lang='grc' dir='ltr'><strong>καί</strong></span> <span class='ocrx_word' id='word_1_129' title='bbox 1220 1207 1340 1279; x_wconf 62' lang='lat' dir='ltr'><strong>coopto</strong></span> <span class='ocrx_word' id='word_1_130' title='bbox 1362 1208 1392 1267; x_wconf 89' lang='lat' dir='ltr'><strong>in</strong></span> <span class='ocrx_word' id='word_1_131' title='bbox 1415 1210 1482 1267; x_wconf 89' lang='lat' dir='ltr'><strong>sinu</strong></span> <span class='ocrx_word' id='word_1_132' title='bbox 1499 1208 1685 1287; x_wconf 81' lang='lat' dir='ltr'><strong>Bnrygaaeno</strong></span> 
     </span>
     <span class='ocr_line' id='line_1_11' title="bbox 69 1298 1686 1382; baseline 0.004 -23"><span class='ocrx_word' id='word_1_133' title='bbox 69 1301 188 1379; x_wconf 87' lang='lat' dir='ltr'><strong>Oponen</strong></span> <span class='ocrx_word' id='word_1_134' title='bbox 197 1314 279 1380; x_wconf 88' lang='lat' dir='ltr'><strong>petat</strong></span> <span class='ocrx_word' id='word_1_135' title='bbox 286 1298 423 1379; x_wconf 82' lang='grc' dir='ltr'><strong>(5ι3);ἰιι</strong></span> <span class='ocrx_word' id='word_1_136' title='bbox 431 1303 688 1380; x_wconf 80' lang='lat' dir='ltr'><strong>atiissurumopere</strong></span> <span class='ocrx_word' id='word_1_137' title='bbox 697 1302 858 1361; x_wconf 86' lang='lat' dir='ltr'><strong>cavendum</strong></span> <span class='ocrx_word' id='word_1_138' title='bbox 899 1320 989 1363; x_wconf 82' lang='lat' dir='ltr'><strong>nares</strong></span> <span class='ocrx_word' id='word_1_139' title='bbox 996 1303 1165 1381; x_wconf 87' lang='lat' dir='ltr'><strong>peregrinas</strong></span> <span class='ocrx_word' id='word_1_140' title='bbox 1175 1304 1305 1362; x_wconf 87' lang='lat' dir='ltr'><strong>remulco</strong></span> <span class='ocrx_word' id='word_1_141' title='bbox 1314 1302 1432 1362; x_wconf 91' lang='lat' dir='ltr'><strong>trabunt</strong></span> <span class='ocrx_word' id='word_1_142' title='bbox 1447 1305 1473 1382; x_wconf 85' lang='lat'><strong>(§</strong></span> <span class='ocrx_word' id='word_1_143' title='bbox 1486 1306 1686 1381; x_wconf 77' lang='lat' dir='ltr'><strong>tl);aliasunt</strong></span> 
     </span>
     <span class='ocr_line' id='line_1_12' title="bbox 70 1396 1685 1481; baseline 0.004 -26"><span class='ocrx_word' id='word_1_144' title='bbox 70 1411 121 1468; x_wconf 73' lang='lat' dir='ltr'><strong>ert,</strong></span> <span class='ocrx_word' id='word_1_145' title='bbox 148 1398 195 1455; x_wconf 89' lang='lat' dir='ltr'><strong>sic</strong></span> <span class='ocrx_word' id='word_1_146' title='bbox 221 1398 255 1455; x_wconf 91' lang='lat' dir='ltr'><strong>in</strong></span> <span class='ocrx_word' id='word_1_147' title='bbox 273 1396 402 1456; x_wconf 78' lang='lat' dir='ltr'><strong>Arabico</strong></span> <span class='ocrx_word' id='word_1_148' title='bbox 422 1398 489 1456; x_wconf 91' lang='lat' dir='ltr'><strong>sinu</strong></span> <span class='ocrx_word' id='word_1_149' title='bbox 510 1398 587 1456; x_wconf 90' lang='lat' dir='ltr'><strong>inter</strong></span> <span class='ocrx_word' id='word_1_150' title='bbox 608 1396 810 1456; x_wconf 62' lang='lat' dir='ltr'><strong>Nabataeorum</strong></span> <span class='ocrx_word' id='word_1_151' title='bbox 830 1411 859 1455; x_wconf 88' lang='lat' dir='ltr'><strong>et</strong></span> <span class='ocrx_word' id='word_1_152' title='bbox 898 1396 996 1455; x_wconf 84' lang='grc' dir='ltr'>τοπικίι</span> <span class='ocrx_word' id='word_1_153' title='bbox 1009 1398 1105 1470; x_wconf 88' lang='grc' dir='ltr'>πλοῖα,</span> <span class='ocrx_word' id='word_1_154' title='bbox 1122 1398 1231 1476; x_wconf 87' lang='lat' dir='ltr'><strong>quibus</strong></span> <span class='ocrx_word' id='word_1_155' title='bbox 1242 1419 1259 1457; x_wconf 89' lang='lat' dir='ltr'><strong>e</strong></span> <span class='ocrx_word' id='word_1_156' title='bbox 1271 1398 1386 1459; x_wconf 85' lang='lat' dir='ltr'><strong>Paduca</strong></span> <span class='ocrx_word' id='word_1_157' title='bbox 1400 1412 1428 1458; x_wconf 89' lang='lat' dir='ltr'><strong>et</strong></span> <span class='ocrx_word' id='word_1_158' title='bbox 1440 1400 1577 1481; x_wconf 75' lang='lat' dir='ltr'><strong>Sopatma</strong></span> <span class='ocrx_word' id='word_1_159' title='bbox 1589 1404 1621 1461; x_wconf 90' lang='lat' dir='ltr'><strong>in</strong></span> <span class='ocrx_word' id='word_1_160' title='bbox 1636 1404 1685 1463; x_wconf 88' lang='lat' dir='ltr'><strong>Li·</strong></span> 
     </span>
     <span class='ocr_line' id='line_1_13' title="bbox 70 1492 1686 1577; baseline 0.004 -27"><span class='ocrx_word' id='word_1_161' title='bbox 70 1492 239 1551; x_wconf 79' lang='lat' dir='ltr'><strong>Sabaeorum</strong></span> <span class='ocrx_word' id='word_1_162' title='bbox 264 1494 400 1569; x_wconf 81' lang='lat' dir='ltr'><strong>regiones</strong></span> <span class='ocrx_word' id='word_1_163' title='bbox 425 1496 440 1551; x_wconf 89' lang='grc' dir='ltr'>ό</span> <span class='ocrx_word' id='word_1_164' title='bbox 463 1493 618 1573; x_wconf 78' lang='grc' dir='ltr'>παράπλους</span> <span class='ocrx_word' id='word_1_165' title='bbox 642 1492 788 1573; x_wconf 71' lang='grc' dir='ltr'>ἐπισφαλὴς</span> <span class='ocrx_word' id='word_1_166' title='bbox 812 1492 858 1551; x_wconf 85' lang='grc' dir='ltr'><strong>καί</strong></span> <span class='ocrx_word' id='word_1_167' title='bbox 900 1494 1031 1570; x_wconf 78' lang='lat' dir='ltr'><strong>myricen</strong></span> <span class='ocrx_word' id='word_1_168' title='bbox 1052 1494 1192 1571; x_wconf 75' lang='lat' dir='ltr'><strong>navigant</strong></span> <span class='ocrx_word' id='word_1_169' title='bbox 1210 1496 1314 1573; x_wconf 49' lang='lat' dir='ltr'><strong>§doh</strong></span> <span class='ocrx_word' id='word_1_170' title='bbox 1331 1496 1387 1555; x_wconf 90' lang='lat' dir='ltr'><strong>alia</strong></span> <span class='ocrx_word' id='word_1_171' title='bbox 1403 1496 1512 1556; x_wconf 80' lang='lat' dir='ltr'><strong>ibidem</strong></span> <span class='ocrx_word' id='word_1_172' title='bbox 1531 1496 1557 1564; x_wconf 71' lang='lat' dir='ltr'><strong>li</strong></span> <span class='ocrx_word' id='word_1_173' title='bbox 1575 1497 1686 1577; x_wconf 78' lang='grc' dir='ltr'>μονοξύ-</span> 
     </span>
     <span class='ocr_line' id='line_1_14' title="bbox 71 1586 1685 1672; baseline 0.005 -29"><span class='ocrx_word' id='word_1_174' title='bbox 71 1586 220 1663; x_wconf 83' lang='grc' dir='ltr'>ιίλίμενοςι)</span> <span class='ocrx_word' id='word_1_175' title='bbox 236 1586 313 1667; x_wconf 83' lang='grc' dir='ltr'>χώρα</span> <span class='ocrx_word' id='word_1_176' title='bbox 325 1588 370 1645; x_wconf 84' lang='grc' dir='ltr'><strong>καί</strong></span> <span class='ocrx_word' id='word_1_177' title='bbox 382 1588 511 1669; x_wconf 83' lang='grc' dir='ltr'>δύσορμος</span> <span class='ocrx_word' id='word_1_178' title='bbox 519 1588 565 1647; x_wconf 76' lang='grc' dir='ltr'><strong>καὶ</strong></span> <span class='ocrx_word' id='word_1_179' title='bbox 577 1588 738 1667; x_wconf 75' lang='grc' dir='ltr'>ἀκάθαρτος,</span> <span class='ocrx_word' id='word_1_180' title='bbox 753 1586 857 1669; x_wconf 65' lang='grc' dir='ltr'>μετρίαις</span> <span class='ocrx_word' id='word_1_181' title='bbox 900 1589 954 1645; x_wconf 82' lang='grc' dir='ltr'>λων</span> <span class='ocrx_word' id='word_1_182' title='bbox 978 1588 1076 1648; x_wconf 82' lang='grc' dir='ltr'>πλοίων</span> <span class='ocrx_word' id='word_1_183' title='bbox 1102 1590 1233 1669; x_wconf 78' lang='grc' dir='ltr'>μεγίστων</span> <span class='ocrx_word' id='word_1_184' title='bbox 1258 1590 1337 1672; x_wconf 73' lang='grc' dir='ltr'>δραῖς</span> <span class='ocrx_word' id='word_1_185' title='bbox 1360 1592 1532 1669; x_wconf 74' lang='grc' dir='ltr'>ἐζευγμένων,</span> <span class='ocrx_word' id='word_1_186' title='bbox 1557 1593 1685 1671; x_wconf 79' lang='grc' dir='ltr'>λεγόμενα</span> 
     </span>
     <span class='ocr_line' id='line_1_15' title="bbox 69 1674 1685 1766; baseline 0.004 -27"><span class='ocrx_word' id='word_1_187' title='bbox 69 1674 225 1750; x_wconf 83' lang='grc' dir='ltr'>κτίσπίλοις</span> <span class='ocrx_word' id='word_1_188' title='bbox 240 1684 381 1763; x_wconf 71' lang='grc' dir='ltr'>ἀπρόσιτος</span> <span class='ocrx_word' id='word_1_189' title='bbox 400 1685 446 1742; x_wconf 85' lang='grc' dir='ltr'><strong>καί</strong></span> <span class='ocrx_word' id='word_1_190' title='bbox 458 1683 526 1743; x_wconf 80' lang='grc' dir='ltr'>κατδ</span> <span class='ocrx_word' id='word_1_191' title='bbox 536 1686 623 1742; x_wconf 82' lang='grc' dir='ltr'>πάντα</span> <span class='ocrx_word' id='word_1_192' title='bbox 638 1682 737 1765; x_wconf 82' lang='grc' dir='ltr'>ροὸερό</span> <span class='ocrx_word' id='word_1_193' title='bbox 755 1685 852 1763; x_wconf 79' lang='grc' dir='ltr'>(5ου).</span> <span class='ocrx_word' id='word_1_194' title='bbox 902 1680 1038 1762; x_wconf 78' lang='grc' dir='ltr'>σοίγγαρα,</span> <span class='ocrx_word' id='word_1_195' title='bbox 1057 1685 1115 1743; x_wconf 88' lang='lat' dir='ltr'><strong>alia</strong></span> <span class='ocrx_word' id='word_1_196' title='bbox 1133 1706 1199 1763; x_wconf 75' lang='lat' dir='ltr'><strong>quar</strong></span> <span class='ocrx_word' id='word_1_197' title='bbox 1218 1686 1287 1745; x_wconf 92' lang='lat' dir='ltr'><strong>hinc</strong></span> <span class='ocrx_word' id='word_1_198' title='bbox 1310 1687 1341 1745; x_wconf 93' lang='lat' dir='ltr'><strong>in</strong></span> <span class='ocrx_word' id='word_1_199' title='bbox 1361 1686 1492 1765; x_wconf 80' lang='lat' dir='ltr'><strong>Chrysen</strong></span> <span class='ocrx_word' id='word_1_200' title='bbox 1518 1686 1685 1766; x_wconf 88' lang='lat' dir='ltr'><strong>trajiciunt,</strong></span> 
     </span>
     <span class='ocr_line' id='line_1_16' title="bbox 70 1778 1687 1863; baseline 0.006 -29"><span class='ocrx_word' id='word_1_201' title='bbox 70 1778 145 1836; x_wconf 84' lang='lat' dir='ltr'><strong>luter</strong></span> <span class='ocrx_word' id='word_1_202' title='bbox 160 1778 304 1839; x_wconf 80' lang='lat' dir='ltr'><strong>Arabiam</strong></span> <span class='ocrx_word' id='word_1_203' title='bbox 322 1800 395 1839; x_wconf 82' lang='lat' dir='ltr'><strong>vero</strong></span> <span class='ocrx_word' id='word_1_204' title='bbox 416 1794 445 1839; x_wconf 90' lang='lat' dir='ltr'><strong>et</strong></span> <span class='ocrx_word' id='word_1_205' title='bbox 461 1780 585 1840; x_wconf 90' lang='lat' dir='ltr'><strong>Diodori</strong></span> <span class='ocrx_word' id='word_1_206' title='bbox 599 1780 725 1839; x_wconf 87' lang='lat' dir='ltr'><strong>insulam</strong></span> <span class='ocrx_word' id='word_1_207' title='bbox 743 1779 856 1863; x_wconf 77' lang='grc' dir='ltr'>ῥοώδης,</span> <span class='ocrx_word' id='word_1_208' title='bbox 903 1782 1114 1862; x_wconf 85' lang='grc' dir='ltr'>κολανδιοροιντα</span> <span class='ocrx_word' id='word_1_209' title='bbox 1131 1782 1165 1862; x_wconf 69' lang='grc'><strong>(’)</strong></span> <span class='ocrx_word' id='word_1_210' title='bbox 1190 1783 1224 1841; x_wconf 87' lang='grc' dir='ltr'><strong>τδι</strong></span> <span class='ocrx_word' id='word_1_211' title='bbox 1239 1782 1362 1860; x_wconf 83' lang='grc' dir='ltr'>μίμστα.</span> <span class='ocrx_word' id='word_1_212' title='bbox 1378 1783 1458 1843; x_wconf 78' lang='lat' dir='ltr'><strong>olibi</strong></span> <span class='ocrx_word' id='word_1_213' title='bbox 1473 1784 1687 1862; x_wconf 81' lang='lat' dir='ltr'><strong>magnitudines</strong></span> 
     </span>
     <span class='ocr_line' id='line_1_17' title="bbox 69 1872 1687 1955; baseline 0.007 -27"><span class='ocrx_word' id='word_1_214' title='bbox 69 1875 280 1949; x_wconf 68' lang='grc' dir='ltr'>καταπινόμενος</span> <span class='ocrx_word' id='word_1_215' title='bbox 294 1872 348 1932; x_wconf 78' lang='grc' dir='ltr'>ἀπὸ</span> <span class='ocrx_word' id='word_1_216' title='bbox 366 1876 418 1933; x_wconf 81' lang='grc' dir='ltr'><strong>τῶν</strong></span> <span class='ocrx_word' id='word_1_217' title='bbox 437 1872 639 1953; x_wconf 65' lang='grc' dir='ltr'>παρακειμένων</span> <span class='ocrx_word' id='word_1_218' title='bbox 659 1876 738 1955; x_wconf 85' lang='grc' dir='ltr'>δρῶν,</span> <span class='ocrx_word' id='word_1_219' title='bbox 762 1879 777 1935; x_wconf 86' lang='grc' dir='ltr'>ό</span> <span class='ocrx_word' id='word_1_220' title='bbox 796 1872 855 1933; x_wconf 87' lang='grc' dir='ltr'>δισί-</span> <span class='ocrx_word' id='word_1_221' title='bbox 902 1875 1021 1934; x_wconf 78' lang='lat' dir='ltr'><strong>navium</strong></span> <span class='ocrx_word' id='word_1_222' title='bbox 1033 1876 1262 1953; x_wconf 86' lang='lat' dir='ltr'><strong>distinguuntur.</strong></span> <span class='ocrx_word' id='word_1_223' title='bbox 1277 1878 1326 1937; x_wconf 85' lang='lat' dir='ltr'><strong>Sic</strong></span> <span class='ocrx_word' id='word_1_224' title='bbox 1336 1878 1448 1937; x_wconf 78' lang='lat' dir='ltr'><strong>Arabes</strong></span> <span class='ocrx_word' id='word_1_225' title='bbox 1460 1878 1573 1938; x_wconf 90' lang='lat' dir='ltr'><strong>Leucen</strong></span> <span class='ocrx_word' id='word_1_226' title='bbox 1585 1900 1687 1939; x_wconf 88' lang='lat' dir='ltr'><strong>comen</strong></span> 
     </span>
     <span class='ocr_line' id='line_1_18' title="bbox 69 1967 1688 2051; baseline 0.008 -28"><span class='ocrx_word' id='word_1_227' title='bbox 69 1968 144 2033; x_wconf 87' lang='grc' dir='ltr'>πλοος</span> <span class='ocrx_word' id='word_1_228' title='bbox 168 1967 197 2049; x_wconf 95' lang='grc'>(5</span> <span class='ocrx_word' id='word_1_229' title='bbox 211 1970 273 2047; x_wconf 67' lang='grc' dir='ltr'><strong>αλ).</strong></span> <span class='ocrx_word' id='word_1_230' title='bbox 298 1968 364 2027; x_wconf 88' lang='lat' dir='ltr'><strong>lllia</strong></span> <span class='ocrx_word' id='word_1_231' title='bbox 392 1970 524 2048; x_wconf 87' lang='lat' dir='ltr'><strong>pericula</strong></span> <span class='ocrx_word' id='word_1_232' title='bbox 547 1968 667 2029; x_wconf 82' lang='lat' dir='ltr'><strong>vitanda</strong></span> <span class='ocrx_word' id='word_1_233' title='bbox 681 1969 718 2029; x_wconf 88' lang='lat' dir='ltr'><strong>ad</strong></span> <span class='ocrx_word' id='word_1_234' title='bbox 743 1968 854 2029; x_wconf 90' lang='lat' dir='ltr'><strong>lrinnm</strong></span> <span class='ocrx_word' id='word_1_235' title='bbox 902 1972 1011 2031; x_wconf 92' lang='lat' dir='ltr'><strong>adeunt</strong></span> <span class='ocrx_word' id='word_1_236' title='bbox 1022 1972 1162 2041; x_wconf 80' lang='grc' dir='ltr'>πλοίοιςοδ</span> <span class='ocrx_word' id='word_1_237' title='bbox 1170 1974 1304 2050; x_wconf 80' lang='grc' dir='ltr'>μςγοίλοις,</span> <span class='ocrx_word' id='word_1_238' title='bbox 1313 1976 1382 2034; x_wconf 80' lang='grc' dir='ltr'>τίοιεν</span> <span class='ocrx_word' id='word_1_239' title='bbox 1395 1974 1688 2051; x_wconf 85' lang='lat' dir='ltr'><strong>grandibusnavibus</strong></span> 
     </span>
     <span class='ocr_line' id='line_1_19' title="bbox 69 2064 1687 2148; baseline 0.007 -29"><span class='ocrx_word' id='word_1_240' title='bbox 69 2064 162 2123; x_wconf 87' lang='lat' dir='ltr'><strong>sinum</strong></span> <span class='ocrx_word' id='word_1_241' title='bbox 180 2066 207 2142; x_wconf 87' lang='grc'>(5</span> <span class='ocrx_word' id='word_1_242' title='bbox 223 2068 283 2143; x_wconf 72' lang='grc' dir='ltr'><strong>(ο),</strong></span> <span class='ocrx_word' id='word_1_243' title='bbox 304 2066 362 2123; x_wconf 92' lang='lat' dir='ltr'><strong>alia</strong></span> <span class='ocrx_word' id='word_1_244' title='bbox 380 2066 411 2123; x_wconf 90' lang='lat' dir='ltr'><strong>in</strong></span> <span class='ocrx_word' id='word_1_245' title='bbox 424 2068 491 2125; x_wconf 90' lang='lat' dir='ltr'><strong>sinu</strong></span> <span class='ocrx_word' id='word_1_246' title='bbox 506 2066 708 2145; x_wconf 79' lang='lat' dir='ltr'><strong>Barygazeno,</strong></span> <span class='ocrx_word' id='word_1_247' title='bbox 721 2064 774 2126; x_wconf 91' lang='lat' dir='ltr'><strong>ubi</strong></span> <span class='ocrx_word' id='word_1_248' title='bbox 793 2088 857 2125; x_wconf 87' lang='lat' dir='ltr'><strong>cau·</strong></span> <span class='ocrx_word' id='word_1_249' title='bbox 901 2079 1024 2127; x_wconf 89' lang='lat' dir='ltr'><strong>utuntur</strong></span> <span class='ocrx_word' id='word_1_250' title='bbox 1038 2068 1104 2127; x_wconf 93' lang='lat' dir='ltr'><strong>lndi</strong></span> <span class='ocrx_word' id='word_1_251' title='bbox 1123 2070 1174 2145; x_wconf 92' lang='lat' dir='ltr'><strong>qui</strong></span> <span class='ocrx_word' id='word_1_252' title='bbox 1189 2071 1269 2145; x_wconf 87' lang='lat' dir='ltr'><strong>ligna</strong></span> <span class='ocrx_word' id='word_1_253' title='bbox 1282 2070 1412 2148; x_wconf 83' lang='lat' dir='ltr'><strong>aliasque</strong></span> <span class='ocrx_word' id='word_1_254' title='bbox 1426 2090 1472 2129; x_wconf 91' lang='lat' dir='ltr'><strong>res</strong></span> <span class='ocrx_word' id='word_1_255' title='bbox 1492 2075 1588 2148; x_wconf 86' lang='lat' dir='ltr'><strong>magni</strong></span> <span class='ocrx_word' id='word_1_256' title='bbox 1604 2074 1687 2131; x_wconf 84' lang='lat' dir='ltr'><strong>volu·</strong></span> 
     </span>
     <span class='ocr_line' id='line_1_20' title="bbox 69 2161 1354 2243; baseline 0.002 -24"><span class='ocrx_word' id='word_1_257' title='bbox 69 2164 138 2219; x_wconf 87' lang='lat' dir='ltr'><strong>tium</strong></span> <span class='ocrx_word' id='word_1_258' title='bbox 150 2164 265 2232; x_wconf 70' lang='lat' dir='ltr'><strong>taenias,</strong></span> <span class='ocrx_word' id='word_1_259' title='bbox 285 2181 364 2220; x_wconf 87' lang='lat' dir='ltr'><strong>mare</strong></span> <span class='ocrx_word' id='word_1_260' title='bbox 377 2161 479 2235; x_wconf 92' lang='lat' dir='ltr'><strong>breve,</strong></span> <span class='ocrx_word' id='word_1_261' title='bbox 490 2162 561 2221; x_wconf 89' lang='lat' dir='ltr'><strong>litus</strong></span> <span class='ocrx_word' id='word_1_262' title='bbox 572 2161 683 2221; x_wconf 86' lang='lat' dir='ltr'><strong>humile</strong></span> <span class='ocrx_word' id='word_1_263' title='bbox 698 2182 732 2221; x_wconf 88' lang='lat' dir='ltr'><strong>ac</strong></span> <span class='ocrx_word' id='word_1_264' title='bbox 743 2182 857 2221; x_wconf 86' lang='lat' dir='ltr'><strong>summa</strong></span> <span class='ocrx_word' id='word_1_265' title='bbox 901 2162 992 2222; x_wconf 86' lang='lat' dir='ltr'><strong>minis</strong></span> <span class='ocrx_word' id='word_1_266' title='bbox 1003 2164 1034 2221; x_wconf 91' lang='lat' dir='ltr'><strong>in</strong></span> <span class='ocrx_word' id='word_1_267' title='bbox 1046 2162 1183 2222; x_wconf 78' lang='lat' dir='ltr'><strong>Arabiam</strong></span> <span class='ocrx_word' id='word_1_268' title='bbox 1195 2164 1354 2243; x_wconf 82' lang='lat' dir='ltr'><strong>deportant</strong></span> 
     </span>
    </p>

    <p class='ocr_par' dir='ltr' id='par_1_3' title="bbox 15 2256 1688 5025">
     <span class='ocr_line' id='line_1_21' title="bbox 68 2256 1688 2335; baseline 0.004 -21"><span class='ocrx_word' id='word_1_269' title='bbox 68 2257 213 2335; x_wconf 82' lang='lat' dir='ltr'><strong>repentini</strong></span> <span class='ocrx_word' id='word_1_270' title='bbox 226 2256 325 2315; x_wconf 85' lang='lat' dir='ltr'><strong>fluxus</strong></span> <span class='ocrx_word' id='word_1_271' title='bbox 339 2270 368 2314; x_wconf 88' lang='lat' dir='ltr'><strong>et</strong></span> <span class='ocrx_word' id='word_1_272' title='bbox 381 2258 511 2316; x_wconf 87' lang='lat' dir='ltr'><strong>refluxus</strong></span> <span class='ocrx_word' id='word_1_273' title='bbox 522 2256 705 2316; x_wconf 72' lang='lat' dir='ltr'><strong>vehementia</strong></span> <span class='ocrx_word' id='word_1_274' title='bbox 718 2256 790 2316; x_wconf 89' lang='lat' dir='ltr'><strong>adeo</strong></span> <span class='ocrx_word' id='word_1_275' title='bbox 804 2276 855 2317; x_wconf 88' lang='lat' dir='ltr'><strong>na·</strong></span> <span class='ocrx_word' id='word_1_276' title='bbox 947 2260 1013 2331; x_wconf 88' lang='lat'><strong>176.</strong></span> <span class='ocrx_word' id='word_1_277' title='bbox 1033 2257 1178 2331; x_wconf 79' lang='grc' dir='ltr'>Ειειοιιι,</span> <span class='ocrx_word' id='word_1_278' title='bbox 1195 2259 1227 2317; x_wconf 92' lang='lat' dir='ltr'><strong>in</strong></span> <span class='ocrx_word' id='word_1_279' title='bbox 1244 2278 1343 2334; x_wconf 87' lang='lat' dir='ltr'><strong>regum</strong></span> <span class='ocrx_word' id='word_1_280' title='bbox 1366 2258 1531 2319; x_wconf 87' lang='lat' dir='ltr'><strong>ditionibus</strong></span> <span class='ocrx_word' id='word_1_281' title='bbox 1552 2260 1626 2333; x_wconf 90' lang='lat' dir='ltr'><strong>sita,</strong></span> <span class='ocrx_word' id='word_1_282' title='bbox 1638 2277 1688 2321; x_wconf 87' lang='lat' dir='ltr'><strong>ant</strong></span> 
     </span>
     <span class='ocr_line' id='line_1_22' title="bbox 69 2352 1686 2432; baseline 0.005 -24"><span class='ocrx_word' id='word_1_283' title='bbox 69 2354 247 2429; x_wconf 72' lang='lat' dir='ltr'><strong>rigationem</strong></span> <span class='ocrx_word' id='word_1_284' title='bbox 262 2352 461 2432; x_wconf 84' lang='lat' dir='ltr'><strong>praepediunt,</strong></span> <span class='ocrx_word' id='word_1_285' title='bbox 478 2366 512 2411; x_wconf 92' lang='lat' dir='ltr'><strong>ut</strong></span> <span class='ocrx_word' id='word_1_286' title='bbox 533 2354 652 2413; x_wconf 77' lang='lat' dir='ltr'><strong>advene</strong></span> <span class='ocrx_word' id='word_1_287' title='bbox 673 2372 760 2413; x_wconf 81' lang='lat' dir='ltr'><strong>naves</strong></span> <span class='ocrx_word' id='word_1_288' title='bbox 779 2374 855 2412; x_wconf 91' lang='lat' dir='ltr'><strong>non·</strong></span> <span class='ocrx_word' id='word_1_289' title='bbox 903 2352 1123 2431; x_wconf 77' lang='grc' dir='ltr'>σίτοδιδειγμόνα,</span> <span class='ocrx_word' id='word_1_290' title='bbox 1142 2352 1252 2431; x_wconf 83' lang='grc' dir='ltr'>νόμιμα,</span> <span class='ocrx_word' id='word_1_291' title='bbox 1269 2352 1382 2430; x_wconf 83' lang='grc' dir='ltr'>όνδεομα</span> <span class='ocrx_word' id='word_1_292' title='bbox 1405 2366 1488 2427; x_wconf 91' lang='lat' dir='ltr'><strong>sunt,</strong></span> <span class='ocrx_word' id='word_1_293' title='bbox 1502 2368 1553 2413; x_wconf 90' lang='lat' dir='ltr'><strong>aut</strong></span> <span class='ocrx_word' id='word_1_294' title='bbox 1578 2356 1686 2417; x_wconf 86' lang='grc' dir='ltr'>τοπικό.</span> 
     </span>
     <span class='ocr_line' id='line_1_23' title="bbox 67 2449 1688 2531; baseline 0.002 -22"><span class='ocrx_word' id='word_1_295' title='bbox 67 2451 264 2509; x_wconf 86' lang='lat' dir='ltr'><strong>nisiremulco</strong></span> <span class='ocrx_word' id='word_1_296' title='bbox 272 2450 858 2531; x_wconf 80' lang='lat' dir='ltr'><strong>tractaindigenammpiscatorumopera</strong></span> <span class='ocrx_word' id='word_1_297' title='bbox 903 2449 970 2509; x_wconf 79' lang='lat' dir='ltr'><strong>llaec</strong></span> <span class='ocrx_word' id='word_1_298' title='bbox 1004 2452 1188 2511; x_wconf 88' lang='lat' dir='ltr'><strong>commerciis</strong></span> <span class='ocrx_word' id='word_1_299' title='bbox 1216 2451 1382 2510; x_wconf 86' lang='lat' dir='ltr'><strong>inserviunt</strong></span> <span class='ocrx_word' id='word_1_300' title='bbox 1403 2470 1469 2529; x_wconf 80' lang='lat' dir='ltr'><strong>qna</strong></span> <span class='ocrx_word' id='word_1_301' title='bbox 1489 2456 1567 2510; x_wconf 90' lang='lat' dir='ltr'><strong>inter</strong></span> <span class='ocrx_word' id='word_1_302' title='bbox 1586 2468 1688 2531; x_wconf 90' lang='lat' dir='ltr'><strong>portus</strong></span> 
     </span>
     <span class='ocr_line' id='line_1_24' title="bbox 67 2544 1688 2629; baseline 0.001 -24"><span class='ocrx_word' id='word_1_303' title='bbox 67 2546 219 2625; x_wconf 81' lang='lat' dir='ltr'><strong>llarygaaa</strong></span> <span class='ocrx_word' id='word_1_304' title='bbox 231 2550 374 2625; x_wconf 89' lang='lat' dir='ltr'><strong>attingere</strong></span> <span class='ocrx_word' id='word_1_305' title='bbox 383 2549 497 2627; x_wconf 85' lang='lat' dir='ltr'><strong>possint</strong></span> <span class='ocrx_word' id='word_1_306' title='bbox 510 2546 536 2629; x_wconf 97' lang='grc'>(5</span> <span class='ocrx_word' id='word_1_307' title='bbox 551 2548 606 2628; x_wconf 75' lang='grc' dir='ltr'><strong>(ο).</strong></span> <span class='ocrx_word' id='word_1_308' title='bbox 622 2550 722 2607; x_wconf 82' lang='lat' dir='ltr'><strong>Portus</strong></span> <span class='ocrx_word' id='word_1_309' title='bbox 730 2567 857 2607; x_wconf 84' lang='lat' dir='ltr'><strong>commo·</strong></span> <span class='ocrx_word' id='word_1_310' title='bbox 901 2544 1033 2622; x_wconf 87' lang='lat' dir='ltr'><strong>ejusdem</strong></span> <span class='ocrx_word' id='word_1_311' title='bbox 1056 2545 1186 2621; x_wconf 73' lang='lat' dir='ltr'><strong>regionis</strong></span> <span class='ocrx_word' id='word_1_312' title='bbox 1208 2544 1408 2617; x_wconf 88' lang='lat' dir='ltr'><strong>intercedunt;</strong></span> <span class='ocrx_word' id='word_1_313' title='bbox 1437 2546 1490 2604; x_wconf 88' lang='lat' dir='ltr'><strong>illa</strong></span> <span class='ocrx_word' id='word_1_314' title='bbox 1511 2547 1688 2625; x_wconf 90' lang='lat' dir='ltr'><strong>recipiendis</strong></span> 
     </span>
     <span class='ocr_line' id='line_1_25' title="bbox 67 2641 1688 2722; baseline 0.004 -24"><span class='ocrx_word' id='word_1_315' title='bbox 67 2642 96 2700; x_wconf 90' lang='lat' dir='ltr'><strong>di</strong></span> <span class='ocrx_word' id='word_1_316' title='bbox 113 2642 169 2701; x_wconf 89' lang='lat' dir='ltr'><strong>ubi</strong></span> <span class='ocrx_word' id='word_1_317' title='bbox 187 2656 360 2722; x_wconf 88' lang='lat' dir='ltr'><strong>suppetunt,</strong></span> <span class='ocrx_word' id='word_1_318' title='bbox 376 2644 517 2703; x_wconf 80' lang='lat' dir='ltr'><strong>ratitmem</strong></span> <span class='ocrx_word' id='word_1_319' title='bbox 539 2661 640 2701; x_wconf 90' lang='lat' dir='ltr'><strong>eornm</strong></span> <span class='ocrx_word' id='word_1_320' title='bbox 664 2662 723 2701; x_wconf 92' lang='lat' dir='ltr'><strong>non</strong></span> <span class='ocrx_word' id='word_1_321' title='bbox 735 2644 858 2722; x_wconf 85' lang='lat' dir='ltr'><strong>exponit</strong></span> <span class='ocrx_word' id='word_1_322' title='bbox 902 2641 1049 2701; x_wconf 88' lang='lat' dir='ltr'><strong>mercibus</strong></span> <span class='ocrx_word' id='word_1_323' title='bbox 1070 2643 1235 2719; x_wconf 81' lang='lat' dir='ltr'><strong>peregrinis</strong></span> <span class='ocrx_word' id='word_1_324' title='bbox 1260 2655 1310 2701; x_wconf 93' lang='lat' dir='ltr'><strong>aut</strong></span> <span class='ocrx_word' id='word_1_325' title='bbox 1330 2644 1521 2721; x_wconf 85' lang='lat' dir='ltr'><strong>exportandis</strong></span> <span class='ocrx_word' id='word_1_326' title='bbox 1541 2642 1688 2721; x_wconf 83' lang='lat' dir='ltr'><strong>indigenis</strong></span> 
     </span>
     <span class='ocr_line' id='line_1_26' title="bbox 67 2736 1688 2819; baseline 0.004 -23"><span class='ocrx_word' id='word_1_327' title='bbox 67 2738 183 2811; x_wconf 81' lang='lat' dir='ltr'><strong>Noster,</strong></span> <span class='ocrx_word' id='word_1_328' title='bbox 198 2752 303 2798; x_wconf 87' lang='lat' dir='ltr'><strong>contra</strong></span> <span class='ocrx_word' id='word_1_329' title='bbox 318 2758 388 2797; x_wconf 81' lang='lat' dir='ltr'><strong>vero</strong></span> <span class='ocrx_word' id='word_1_330' title='bbox 402 2751 502 2797; x_wconf 89' lang='lat' dir='ltr'><strong>monet</strong></span> <span class='ocrx_word' id='word_1_331' title='bbox 515 2736 635 2797; x_wconf 83' lang='lat' dir='ltr'><strong>ubinam</strong></span> <span class='ocrx_word' id='word_1_332' title='bbox 649 2736 722 2795; x_wconf 91' lang='lat' dir='ltr'><strong>boni</strong></span> <span class='ocrx_word' id='word_1_333' title='bbox 737 2736 855 2815; x_wconf 90' lang='lat' dir='ltr'><strong>quidem</strong></span> <span class='ocrx_word' id='word_1_334' title='bbox 902 2738 951 2797; x_wconf 89' lang='lat' dir='ltr'><strong>lex</strong></span> <span class='ocrx_word' id='word_1_335' title='bbox 961 2740 1008 2799; x_wconf 82' lang='lat' dir='ltr'><strong>vel</strong></span> <span class='ocrx_word' id='word_1_336' title='bbox 1023 2760 1093 2799; x_wconf 91' lang='lat' dir='ltr'><strong>usus</strong></span> <span class='ocrx_word' id='word_1_337' title='bbox 1108 2739 1279 2800; x_wconf 84' lang='lat' dir='ltr'><strong>destinabat.</strong></span> <span class='ocrx_word' id='word_1_338' title='bbox 1298 2740 1333 2797; x_wconf 93' lang='lat' dir='ltr'><strong>ln</strong></span> <span class='ocrx_word' id='word_1_339' title='bbox 1351 2738 1467 2818; x_wconf 80' lang='lat' dir='ltr'><strong>AEgypti</strong></span> <span class='ocrx_word' id='word_1_340' title='bbox 1484 2761 1538 2798; x_wconf 89' lang='lat' dir='ltr'><strong>ora</strong></span> <span class='ocrx_word' id='word_1_341' title='bbox 1556 2744 1688 2819; x_wconf 88' lang='lat' dir='ltr'><strong>emporia</strong></span> 
     </span>
     <span class='ocr_line' id='line_1_27' title="bbox 67 2832 1687 2916; baseline 0.003 -22"><span class='ocrx_word' id='word_1_342' title='bbox 67 2850 172 2914; x_wconf 85' lang='lat' dir='ltr'><strong>portus</strong></span> <span class='ocrx_word' id='word_1_343' title='bbox 192 2856 254 2896; x_wconf 90' lang='lat' dir='ltr'><strong>non</strong></span> <span class='ocrx_word' id='word_1_344' title='bbox 284 2836 354 2909; x_wconf 90' lang='lat' dir='ltr'><strong>siut,</strong></span> <span class='ocrx_word' id='word_1_345' title='bbox 368 2848 492 2894; x_wconf 89' lang='lat' dir='ltr'><strong>attamen</strong></span> <span class='ocrx_word' id='word_1_346' title='bbox 512 2833 650 2895; x_wconf 87' lang='lat' dir='ltr'><strong>stationes</strong></span> <span class='ocrx_word' id='word_1_347' title='bbox 672 2832 857 2912; x_wconf 71' lang='lat' dir='ltr'><strong>pressantur</strong></span> <span class='ocrx_word' id='word_1_348' title='bbox 902 2834 1109 2914; x_wconf 79' lang='grc' dir='ltr'>ἀποδιδειγμίνα</span> <span class='ocrx_word' id='word_1_349' title='bbox 1130 2836 1269 2897; x_wconf 83' lang='lat' dir='ltr'><strong>dicuntur</strong></span> <span class='ocrx_word' id='word_1_350' title='bbox 1284 2835 1488 2916; x_wconf 78' lang='lat' dir='ltr'><strong>llyosbormus</strong></span> <span class='ocrx_word' id='word_1_351' title='bbox 1501 2851 1531 2896; x_wconf 91' lang='lat' dir='ltr'><strong>et</strong></span> <span class='ocrx_word' id='word_1_352' title='bbox 1548 2836 1687 2899; x_wconf 85' lang='lat' dir='ltr'><strong>Berenice</strong></span> 
     </span>
     <span class='ocr_line' id='line_1_28' title="bbox 68 2929 1687 3018; baseline 0.005 -30"><span class='ocrx_word' id='word_1_353' title='bbox 68 2933 155 2991; x_wconf 90' lang='lat' dir='ltr'><strong>modo</strong></span> <span class='ocrx_word' id='word_1_354' title='bbox 176 2952 302 3006; x_wconf 81' lang='lat' dir='ltr'><strong>securae,</strong></span> <span class='ocrx_word' id='word_1_355' title='bbox 320 2933 408 2992; x_wconf 90' lang='lat' dir='ltr'><strong>modo</strong></span> <span class='ocrx_word' id='word_1_356' title='bbox 421 2933 657 3012; x_wconf 85' lang='lat' dir='ltr'><strong>periculosiores.</strong></span> <span class='ocrx_word' id='word_1_357' title='bbox 671 2931 720 2991; x_wconf 90' lang='lat' dir='ltr'><strong>Sic</strong></span> <span class='ocrx_word' id='word_1_358' title='bbox 743 2929 856 2991; x_wconf 76' lang='lat' dir='ltr'><strong>barba-</strong></span> <span class='ocrx_word' id='word_1_359' title='bbox 903 2935 931 3018; x_wconf 85' lang='lat'><strong>(§</strong></span> <span class='ocrx_word' id='word_1_360' title='bbox 947 2931 983 3010; x_wconf 92' lang='grc' dir='ltr'><strong>ι),</strong></span> <span class='ocrx_word' id='word_1_361' title='bbox 1005 2935 1037 2994; x_wconf 93' lang='lat' dir='ltr'><strong>in</strong></span> <span class='ocrx_word' id='word_1_362' title='bbox 1062 2935 1286 2994; x_wconf 74' lang='lat' dir='ltr'><strong>Auxumitarum</strong></span> <span class='ocrx_word' id='word_1_363' title='bbox 1313 2953 1404 3010; x_wconf 85' lang='lat' dir='ltr'><strong>regno</strong></span> <span class='ocrx_word' id='word_1_364' title='bbox 1429 2931 1553 3014; x_wconf 77' lang='grc' dir='ltr'>ἐμπόρων</span> <span class='ocrx_word' id='word_1_365' title='bbox 1575 2934 1687 3013; x_wconf 90' lang='grc' dir='ltr'>νόμιμον</span> 
     </span>
     <span class='ocr_line' id='line_1_29' title="bbox 67 3025 1687 3110; baseline 0.001 -24"><span class='ocrx_word' id='word_1_366' title='bbox 67 3027 118 3086; x_wconf 86' lang='lat' dir='ltr'><strong>rire</strong></span> <span class='ocrx_word' id='word_1_367' title='bbox 147 3029 285 3106; x_wconf 88' lang='lat' dir='ltr'><strong>emporia</strong></span> <span class='ocrx_word' id='word_1_368' title='bbox 308 3028 465 3104; x_wconf 88' lang='lat' dir='ltr'><strong>insigniori</strong></span> <span class='ocrx_word' id='word_1_369' title='bbox 490 3040 579 3107; x_wconf 86' lang='lat' dir='ltr'><strong>portu</strong></span> <span class='ocrx_word' id='word_1_370' title='bbox 604 3039 721 3102; x_wconf 86' lang='lat' dir='ltr'><strong>carent,</strong></span> <span class='ocrx_word' id='word_1_371' title='bbox 749 3025 857 3086; x_wconf 91' lang='lat' dir='ltr'><strong>babent</strong></span> <span class='ocrx_word' id='word_1_372' title='bbox 900 3027 1420 3108; x_wconf 72' lang='lat' dir='ltr'><strong>Adulist§t),apudSabaeosArabes</strong></span> <span class='ocrx_word' id='word_1_373' title='bbox 1431 3030 1687 3110; x_wconf 74' lang='lat' dir='ltr'><strong>lluaa(§2r)(⁴**)‚</strong></span> 
     </span>
     <span class='ocr_line' id='line_1_30' title="bbox 66 3119 1687 3203; baseline 0.003 -23"><span class='ocrx_word' id='word_1_374' title='bbox 66 3135 163 3181; x_wconf 87' lang='lat' dir='ltr'><strong>tamen</strong></span> <span class='ocrx_word' id='word_1_375' title='bbox 191 3121 392 3202; x_wconf 74' lang='grc' dir='ltr'>δγκυροόολίαις</span> <span class='ocrx_word' id='word_1_376' title='bbox 414 3123 459 3181; x_wconf 84' lang='grc' dir='ltr'><strong>καί</strong></span> <span class='ocrx_word' id='word_1_377' title='bbox 482 3123 572 3188; x_wconf 87' lang='grc' dir='ltr'>σόλσις</span> <span class='ocrx_word' id='word_1_378' title='bbox 584 3119 644 3188; x_wconf 77' lang='grc' dir='ltr'>τοὺς</span> <span class='ocrx_word' id='word_1_379' title='bbox 666 3119 763 3202; x_wconf 79' lang='grc' dir='ltr'>ὅρμους</span> <span class='ocrx_word' id='word_1_380' title='bbox 787 3121 858 3181; x_wconf 77' lang='grc' dir='ltr'>κατὰ</span> <span class='ocrx_word' id='word_1_381' title='bbox 901 3125 979 3202; x_wconf 88' lang='lat' dir='ltr'><strong>apud</strong></span> <span class='ocrx_word' id='word_1_382' title='bbox 992 3124 1096 3184; x_wconf 80' lang='lat' dir='ltr'><strong>Persas</strong></span> <span class='ocrx_word' id='word_1_383' title='bbox 1110 3127 1127 3196; x_wconf 83' lang='grc' dir='ltr'>ἡ</span> <span class='ocrx_word' id='word_1_384' title='bbox 1141 3125 1282 3203; x_wconf 75' lang='grc' dir='ltr'>Ἀπολόμυ</span> <span class='ocrx_word' id='word_1_385' title='bbox 1297 3125 1325 3200; x_wconf 89' lang='grc'>(5</span> <span class='ocrx_word' id='word_1_386' title='bbox 1337 3125 1385 3200; x_wconf 76' lang='grc'>35)</span> <span class='ocrx_word' id='word_1_387' title='bbox 1397 3147 1406 3196; x_wconf 90' lang='lat'>;</span> <span class='ocrx_word' id='word_1_388' title='bbox 1418 3126 1449 3182; x_wconf 90' lang='lat' dir='ltr'><strong>in</strong></span> <span class='ocrx_word' id='word_1_389' title='bbox 1463 3126 1583 3201; x_wconf 86' lang='lat' dir='ltr'><strong>regione</strong></span> <span class='ocrx_word' id='word_1_390' title='bbox 1595 3127 1687 3186; x_wconf 86' lang='lat' dir='ltr'><strong>thuri-</strong></span> 
     </span>
     <span class='ocr_line' id='line_1_31' title="bbox 65 3215 1688 3301; baseline 0.003 -27"><span class='ocrx_word' id='word_1_391' title='bbox 65 3215 171 3296; x_wconf 70' lang='grc' dir='ltr'>καιροὺς</span> <span class='ocrx_word' id='word_1_392' title='bbox 191 3215 353 3290; x_wconf 74' lang='grc' dir='ltr'>ἐπιτηδείους</span> <span class='ocrx_word' id='word_1_393' title='bbox 369 3218 395 3296; x_wconf 91' lang='grc'>(5</span> <span class='ocrx_word' id='word_1_394' title='bbox 410 3218 449 3296; x_wconf 74' lang='grc'><strong>7).</strong></span> <span class='ocrx_word' id='word_1_395' title='bbox 476 3215 857 3296; x_wconf 61' lang='lat' dir='ltr'><strong>transumptum&lt;</strong></span> <span class='ocrx_word' id='word_1_396' title='bbox 902 3221 963 3279; x_wconf 78' lang='lat' dir='ltr'><strong>iera</strong></span> <span class='ocrx_word' id='word_1_397' title='bbox 983 3221 1101 3280; x_wconf 89' lang='lat' dir='ltr'><strong>lloscba</strong></span> <span class='ocrx_word' id='word_1_398' title='bbox 1120 3235 1165 3280; x_wconf 90' lang='lat' dir='ltr'><strong>est</strong></span> <span class='ocrx_word' id='word_1_399' title='bbox 1190 3219 1269 3300; x_wconf 82' lang='grc' dir='ltr'>ὅρμος</span> <span class='ocrx_word' id='word_1_400' title='bbox 1292 3220 1508 3297; x_wconf 72' lang='grc' dir='ltr'>ἀποδεδειγμένος</span> <span class='ocrx_word' id='word_1_401' title='bbox 1524 3227 1570 3280; x_wconf 80' lang='grc' dir='ltr'><strong>τοῦ</strong></span> <span class='ocrx_word' id='word_1_402' title='bbox 1595 3225 1688 3301; x_wconf 82' lang='grc' dir='ltr'>Στχα-</span> 
     </span>
     <span class='ocr_line' id='line_1_32' title="bbox 65 3309 1685 3394; baseline 0.006 -27"><span class='ocrx_word' id='word_1_403' title='bbox 65 3311 205 3384; x_wconf 80' lang='grc' dir='ltr'>ἐπίσσλος,</span> <span class='ocrx_word' id='word_1_404' title='bbox 218 3310 378 3388; x_wconf 83' lang='grc' dir='ltr'>σκεπόμενος</span> <span class='ocrx_word' id='word_1_405' title='bbox 388 3309 543 3391; x_wconf 69' lang='grc' dir='ltr'>ἀκροατηρίῳ</span> <span class='ocrx_word' id='word_1_406' title='bbox 557 3312 594 3392; x_wconf 77' lang='grc' dir='ltr'>τῷ</span> <span class='ocrx_word' id='word_1_407' title='bbox 605 3310 632 3380; x_wconf 77' lang='grc' dir='ltr'><strong>ἐξ</strong></span> <span class='ocrx_word' id='word_1_408' title='bbox 643 3311 771 3382; x_wconf 72' lang='grc' dir='ltr'>ἀνατολῆς</span> <span class='ocrx_word' id='word_1_409' title='bbox 786 3313 855 3371; x_wconf 75' lang='grc' dir='ltr'>τίνα·</span> <span class='ocrx_word' id='word_1_410' title='bbox 900 3315 973 3374; x_wconf 85' lang='grc' dir='ltr'>λίτου</span> <span class='ocrx_word' id='word_1_411' title='bbox 986 3315 1095 3375; x_wconf 77' lang='grc' dir='ltr'>λιὸόνου</span> <span class='ocrx_word' id='word_1_412' title='bbox 1116 3318 1144 3393; x_wconf 80' lang='grc'>(5</span> <span class='ocrx_word' id='word_1_413' title='bbox 1159 3316 1219 3394; x_wconf 63' lang='grc'>32).</span> <span class='ocrx_word' id='word_1_414' title='bbox 1234 3314 1270 3374; x_wconf 86' lang='lat' dir='ltr'><strong>ln</strong></span> <span class='ocrx_word' id='word_1_415' title='bbox 1283 3315 1388 3376; x_wconf 71' lang='lat' dir='ltr'><strong>tiriaca</strong></span> <span class='ocrx_word' id='word_1_416' title='bbox 1411 3315 1512 3375; x_wconf 84' lang='lat' dir='ltr'><strong>ludica</strong></span> <span class='ocrx_word' id='word_1_417' title='bbox 1523 3315 1685 3393; x_wconf 81' lang='lat' dir='ltr'><strong>legitimum</strong></span> 
     </span>
     <span class='ocr_line' id='line_1_33' title="bbox 65 3405 1685 3491; baseline 0.002 -23"><span class='ocrx_word' id='word_1_418' title='bbox 65 3409 209 3486; x_wconf 78' lang='grc' dir='ltr'>τείνοντι(5</span> <span class='ocrx_word' id='word_1_419' title='bbox 223 3407 261 3487; x_wconf 86' lang='grc' dir='ltr'><strong>ὅ).</strong></span> <span class='ocrx_word' id='word_1_420' title='bbox 271 3407 518 3488; x_wconf 81' lang='lat' dir='ltr'><strong>lltlblunduetnp.</strong></span> <span class='ocrx_word' id='word_1_421' title='bbox 528 3405 724 3490; x_wconf 79' lang='grc' dir='ltr'>όσραλίστιρσν</span> <span class='ocrx_word' id='word_1_422' title='bbox 735 3407 812 3489; x_wconf 74' lang='grc' dir='ltr'>δμμιῖ</span> <span class='ocrx_word' id='word_1_423' title='bbox 822 3406 856 3467; x_wconf 64' lang='lat' dir='ltr'><strong>rt</strong></span> <span class='ocrx_word' id='word_1_424' title='bbox 900 3411 1065 3489; x_wconf 89' lang='lat' dir='ltr'><strong>emporium</strong></span> <span class='ocrx_word' id='word_1_425' title='bbox 1079 3424 1124 3471; x_wconf 89' lang='lat' dir='ltr'><strong>est</strong></span> <span class='ocrx_word' id='word_1_426' title='bbox 1135 3411 1298 3488; x_wconf 81' lang='lat' dir='ltr'><strong>Rarygaaa3</strong></span> <span class='ocrx_word' id='word_1_427' title='bbox 1310 3410 1390 3487; x_wconf 90' lang='lat' dir='ltr'><strong>quod</strong></span> <span class='ocrx_word' id='word_1_428' title='bbox 1400 3411 1455 3469; x_wconf 89' lang='lat' dir='ltr'><strong>etsi</strong></span> <span class='ocrx_word' id='word_1_429' title='bbox 1462 3415 1609 3491; x_wconf 87' lang='lat' dir='ltr'><strong>expressis</strong></span> <span class='ocrx_word' id='word_1_430' title='bbox 1619 3433 1685 3472; x_wconf 80' lang='lat' dir='ltr'><strong>ver·</strong></span> 
     </span>
     <span class='ocr_line' id='line_1_34' title="bbox 66 3503 1686 3588; baseline 0.003 -25"><span class='ocrx_word' id='word_1_431' title='bbox 66 3509 145 3566; x_wconf 84' lang='grc' dir='ltr'>πλοῖα</span> <span class='ocrx_word' id='word_1_432' title='bbox 168 3508 205 3573; x_wconf 83' lang='grc' dir='ltr'>εἷς</span> <span class='ocrx_word' id='word_1_433' title='bbox 228 3505 275 3576; x_wconf 71' lang='lat' dir='ltr'><strong>clv</strong></span> <span class='ocrx_word' id='word_1_434' title='bbox 292 3507 485 3588; x_wconf 84' lang='grc' dir='ltr'>προσκιιμίνην</span> <span class='ocrx_word' id='word_1_435' title='bbox 511 3503 618 3585; x_wconf 66' lang='grc' dir='ltr'>ἔγγιστα</span> <span class='ocrx_word' id='word_1_436' title='bbox 638 3509 685 3576; x_wconf 73' lang='grc' dir='ltr'><strong>τῆς</strong></span> <span class='ocrx_word' id='word_1_437' title='bbox 708 3509 756 3584; x_wconf 79' lang='grc' dir='ltr'>γῆς</span> <span class='ocrx_word' id='word_1_438' title='bbox 777 3508 856 3577; x_wconf 80' lang='grc' dir='ltr'>νῆσον</span> <span class='ocrx_word' id='word_1_439' title='bbox 902 3505 949 3564; x_wconf 88' lang='lat' dir='ltr'><strong>bis</strong></span> <span class='ocrx_word' id='word_1_440' title='bbox 970 3527 1030 3565; x_wconf 91' lang='lat' dir='ltr'><strong>non</strong></span> <span class='ocrx_word' id='word_1_441' title='bbox 1053 3520 1152 3565; x_wconf 89' lang='lat' dir='ltr'><strong>monet</strong></span> <span class='ocrx_word' id='word_1_442' title='bbox 1176 3506 1291 3578; x_wconf 84' lang='lat' dir='ltr'><strong>Noster,</strong></span> <span class='ocrx_word' id='word_1_443' title='bbox 1309 3516 1404 3564; x_wconf 90' lang='lat' dir='ltr'><strong>tamen</strong></span> <span class='ocrx_word' id='word_1_444' title='bbox 1418 3506 1489 3565; x_wconf 89' lang='lat' dir='ltr'><strong>inde</strong></span> <span class='ocrx_word' id='word_1_445' title='bbox 1508 3521 1587 3586; x_wconf 89' lang='lat' dir='ltr'><strong>patet</strong></span> <span class='ocrx_word' id='word_1_446' title='bbox 1606 3511 1686 3588; x_wconf 88' lang='lat' dir='ltr'><strong>quod</strong></span> 
     </span>
     <span class='ocr_line' id='line_1_35' title="bbox 68 3599 1685 3682; baseline 0.002 -23"><span class='ocrx_word' id='word_1_447' title='bbox 68 3605 93 3678; x_wconf 87' lang='grc'><strong>(5</strong></span> <span class='ocrx_word' id='word_1_448' title='bbox 108 3607 151 3681; x_wconf 76' lang='grc'><strong>9).</strong></span> <span class='ocrx_word' id='word_1_449' title='bbox 169 3601 328 3680; x_wconf 81' lang='lat' dir='ltr'><strong>llosyllum</strong></span> <span class='ocrx_word' id='word_1_450' title='bbox 336 3601 414 3681; x_wconf 82' lang='lat' dir='ltr'><strong>jacet</strong></span> <span class='ocrx_word' id='word_1_451' title='bbox 431 3603 460 3662; x_wconf 83' lang='grc' dir='ltr'>ίν</span> <span class='ocrx_word' id='word_1_452' title='bbox 480 3602 592 3682; x_wconf 76' lang='grc' dir='ltr'>αἰγιαλῷ</span> <span class='ocrx_word' id='word_1_453' title='bbox 608 3601 730 3682; x_wconf 84' lang='grc' dir='ltr'>δυσόρμιρ</span> <span class='ocrx_word' id='word_1_454' title='bbox 755 3602 783 3681; x_wconf 90' lang='grc'>(5</span> <span class='ocrx_word' id='word_1_455' title='bbox 800 3604 855 3682; x_wconf 87' lang='grc' dir='ltr'>ιο).</span> <span class='ocrx_word' id='word_1_456' title='bbox 899 3603 1014 3680; x_wconf 89' lang='lat' dir='ltr'><strong>reliqua</strong></span> <span class='ocrx_word' id='word_1_457' title='bbox 1026 3600 1115 3680; x_wconf 84' lang='lat' dir='ltr'><strong>hujus</strong></span> <span class='ocrx_word' id='word_1_458' title='bbox 1130 3603 1213 3679; x_wconf 82' lang='lat' dir='ltr'><strong>regni</strong></span> <span class='ocrx_word' id='word_1_459' title='bbox 1222 3601 1369 3680; x_wconf 87' lang='lat' dir='ltr'><strong>emporia,</strong></span> <span class='ocrx_word' id='word_1_460' title='bbox 1381 3599 1532 3680; x_wconf 86' lang='lat' dir='ltr'><strong>Suppara,</strong></span> <span class='ocrx_word' id='word_1_461' title='bbox 1545 3602 1685 3680; x_wconf 82' lang='lat' dir='ltr'><strong>Galliena,</strong></span> 
     </span>
     <span class='ocr_line' id='line_1_36' title="bbox 66 3695 1684 3780; baseline 0.002 -25"><span class='ocrx_word' id='word_1_462' title='bbox 66 3698 162 3777; x_wconf 89' lang='lat' dir='ltr'><strong>Prope</strong></span> <span class='ocrx_word' id='word_1_463' title='bbox 174 3700 343 3758; x_wconf 80' lang='lat' dir='ltr'><strong>Aromatum</strong></span> <span class='ocrx_word' id='word_1_464' title='bbox 358 3699 522 3778; x_wconf 86' lang='lat' dir='ltr'><strong>emporium</strong></span> <span class='ocrx_word' id='word_1_465' title='bbox 532 3701 546 3757; x_wconf 87' lang='grc' dir='ltr'>ό</span> <span class='ocrx_word' id='word_1_466' title='bbox 556 3696 636 3778; x_wconf 87' lang='grc' dir='ltr'>ὅρμος</span> <span class='ocrx_word' id='word_1_467' title='bbox 649 3697 773 3766; x_wconf 78' lang='grc' dir='ltr'>ίπίοαλος</span> <span class='ocrx_word' id='word_1_468' title='bbox 785 3695 854 3780; x_wconf 87' lang='grc' dir='ltr'><strong>(καί)</strong></span> <span class='ocrx_word' id='word_1_469' title='bbox 898 3697 1104 3776; x_wconf 84' lang='lat' dir='ltr'><strong>blandragora,</strong></span> <span class='ocrx_word' id='word_1_470' title='bbox 1112 3699 1307 3778; x_wconf 82' lang='lat' dir='ltr'><strong>Palaepatmae,</strong></span> <span class='ocrx_word' id='word_1_471' title='bbox 1317 3697 1494 3774; x_wconf 85' lang='lat' dir='ltr'><strong>llelizigara,</strong></span> <span class='ocrx_word' id='word_1_472' title='bbox 1502 3699 1684 3778; x_wconf 78' lang='lat' dir='ltr'><strong>Byzantium,</strong></span> 
     </span>
     <span class='ocr_line' id='line_1_37' title="bbox 65 3789 1686 3874; baseline 0.003 -24"><span class='ocrx_word' id='word_1_473' title='bbox 65 3793 133 3852; x_wconf 77' lang='lat' dir='ltr'><strong>rard</strong></span> <span class='ocrx_word' id='word_1_474' title='bbox 158 3789 266 3872; x_wconf 71' lang='lat' dir='ltr'><strong>arrpuit&lt;</strong></span> <span class='ocrx_word' id='word_1_475' title='bbox 291 3789 458 3860; x_wconf 82' lang='grc' dir='ltr'>ἐπικίνδυνος</span> <span class='ocrx_word' id='word_1_476' title='bbox 471 3793 515 3852; x_wconf 77' lang='grc' dir='ltr'><strong>διὰ</strong></span> <span class='ocrx_word' id='word_1_477' title='bbox 528 3791 558 3852; x_wconf 86' lang='grc' dir='ltr'><strong>τδ</strong></span> <span class='ocrx_word' id='word_1_478' title='bbox 573 3796 692 3874; x_wconf 82' lang='grc' dir='ltr'>προσεχῆ</span> <span class='ocrx_word' id='word_1_479' title='bbox 710 3791 753 3852; x_wconf 87' lang='grc' dir='ltr'><strong>τὸν</strong></span> <span class='ocrx_word' id='word_1_480' title='bbox 775 3791 854 3852; x_wconf 91' lang='grc' dir='ltr'>τόπον</span> <span class='ocrx_word' id='word_1_481' title='bbox 898 3793 1066 3872; x_wconf 72' lang='lat' dir='ltr'><strong>Tegantur,</strong></span> <span class='ocrx_word' id='word_1_482' title='bbox 1090 3793 1332 3873; x_wconf 84' lang='lat' dir='ltr'><strong>Tyrannosboas,</strong></span> <span class='ocrx_word' id='word_1_483' title='bbox 1358 3807 1502 3854; x_wconf 84' lang='lat' dir='ltr'><strong>vocantur</strong></span> <span class='ocrx_word' id='word_1_484' title='bbox 1525 3794 1636 3869; x_wconf 85' lang='grc' dir='ltr'>τοπικδι,</span> <span class='ocrx_word' id='word_1_485' title='bbox 1656 3799 1686 3855; x_wconf 92' lang='lat' dir='ltr'><strong>in</strong></span> 
     </span>
     <span class='ocr_line' id='line_1_38' title="bbox 65 3879 1687 3971; baseline 0.002 -23"><span class='ocrx_word' id='word_1_486' title='bbox 65 3879 131 3948; x_wconf 78' lang='grc' dir='ltr'>εἶναι</span> <span class='ocrx_word' id='word_1_487' title='bbox 146 3891 186 3968; x_wconf 76' lang='grc' dir='ltr'>τῷ</span> <span class='ocrx_word' id='word_1_488' title='bbox 202 3887 283 3968; x_wconf 66' lang='grc' dir='ltr'>βορέα</span> <span class='ocrx_word' id='word_1_489' title='bbox 296 3889 321 3966; x_wconf 80' lang='grc'>(5</span> <span class='ocrx_word' id='word_1_490' title='bbox 337 3886 391 3966; x_wconf 82' lang='grc' dir='ltr'>ευ).</span> <span class='ocrx_word' id='word_1_491' title='bbox 405 3888 494 3947; x_wconf 82' lang='lat' dir='ltr'><strong>Juxta</strong></span> <span class='ocrx_word' id='word_1_492' title='bbox 505 3889 645 3968; x_wconf 75' lang='lat' dir='ltr'><strong>Apocopa</strong></span> <span class='ocrx_word' id='word_1_493' title='bbox 660 3887 776 3948; x_wconf 77' lang='lat' dir='ltr'><strong>Ananias</strong></span> <span class='ocrx_word' id='word_1_494' title='bbox 785 3907 855 3968; x_wconf 89' lang='lat' dir='ltr'><strong>por-</strong></span> <span class='ocrx_word' id='word_1_495' title='bbox 898 3912 965 3970; x_wconf 71' lang='lat' dir='ltr'><strong>&lt;puae</strong></span> <span class='ocrx_word' id='word_1_496' title='bbox 978 3893 1003 3950; x_wconf 92' lang='lat' dir='ltr'><strong>si</strong></span> <span class='ocrx_word' id='word_1_497' title='bbox 1014 3893 1062 3952; x_wconf 85' lang='lat' dir='ltr'><strong>vel</strong></span> <span class='ocrx_word' id='word_1_498' title='bbox 1082 3891 1155 3950; x_wconf 81' lang='lat' dir='ltr'><strong>sorte</strong></span> <span class='ocrx_word' id='word_1_499' title='bbox 1165 3892 1282 3950; x_wconf 85' lang='lat' dir='ltr'><strong>lortuna</strong></span> <span class='ocrx_word' id='word_1_500' title='bbox 1298 3909 1387 3949; x_wconf 84' lang='lat' dir='ltr'><strong>naves</strong></span> <span class='ocrx_word' id='word_1_501' title='bbox 1398 3892 1568 3967; x_wconf 77' lang='lat' dir='ltr'><strong>graecanicae</strong></span> <span class='ocrx_word' id='word_1_502' title='bbox 1581 3895 1687 3971; x_wconf 89' lang='lat' dir='ltr'><strong>appel-</strong></span> 
     </span>
     <span class='ocr_line' id='line_1_39' title="bbox 66 3983 1683 4068; baseline 0.002 -24"><span class='ocrx_word' id='word_1_503' title='bbox 66 3999 109 4044; x_wconf 90' lang='lat' dir='ltr'><strong>tus</strong></span> <span class='ocrx_word' id='word_1_504' title='bbox 125 3985 240 4054; x_wconf 84' lang='lat' dir='ltr'><strong>nullus.</strong></span> <span class='ocrx_word' id='word_1_505' title='bbox 251 3987 360 4064; x_wconf 86' lang='lat' dir='ltr'><strong>passim</strong></span> <span class='ocrx_word' id='word_1_506' title='bbox 374 3986 520 4044; x_wconf 77' lang='lat' dir='ltr'><strong>seroloca</strong></span> <span class='ocrx_word' id='word_1_507' title='bbox 533 3983 731 4068; x_wconf 70' lang='grc' dir='ltr'>ἀγκυροόσλίοις</span> <span class='ocrx_word' id='word_1_508' title='bbox 743 4005 855 4044; x_wconf 88' lang='lat' dir='ltr'><strong>accom·</strong></span> <span class='ocrx_word' id='word_1_509' title='bbox 898 3987 974 4059; x_wconf 86' lang='lat' dir='ltr'><strong>lunt,</strong></span> <span class='ocrx_word' id='word_1_510' title='bbox 1001 3988 1140 4067; x_wconf 75' lang='lat' dir='ltr'><strong>imposita</strong></span> <span class='ocrx_word' id='word_1_511' title='bbox 1163 3985 1298 4045; x_wconf 89' lang='lat' dir='ltr'><strong>custodia</strong></span> <span class='ocrx_word' id='word_1_512' title='bbox 1319 3985 1466 4064; x_wconf 79' lang='lat' dir='ltr'><strong>Rarygaza</strong></span> <span class='ocrx_word' id='word_1_513' title='bbox 1490 3985 1683 4049; x_wconf 89' lang='lat' dir='ltr'><strong>deducuntur.</strong></span> 
     </span>
     <span class='ocr_line' id='line_1_40' title="bbox 66 4079 1687 4174; baseline 0.002 -34"><span class='ocrx_word' id='word_1_514' title='bbox 66 4083 151 4140; x_wconf 88' lang='lat' dir='ltr'><strong>moda</strong></span> <span class='ocrx_word' id='word_1_515' title='bbox 167 4084 192 4162; x_wconf 90' lang='grc'>(5</span> <span class='ocrx_word' id='word_1_516' title='bbox 208 4082 267 4162; x_wconf 82' lang='grc' dir='ltr'><strong>ι5).</strong></span> <span class='ocrx_word' id='word_1_517' title='bbox 283 4083 368 4143; x_wconf 77' lang='lat' dir='ltr'><strong>blara</strong></span> <span class='ocrx_word' id='word_1_518' title='bbox 379 4083 543 4162; x_wconf 85' lang='lat' dir='ltr'><strong>emporium</strong></span> <span class='ocrx_word' id='word_1_519' title='bbox 554 4081 677 4158; x_wconf 88' lang='grc' dir='ltr'>ιἰλίμινσν</span> <span class='ocrx_word' id='word_1_520' title='bbox 695 4081 755 4159; x_wconf 76' lang='grc' dir='ltr'>μίν,</span> <span class='ocrx_word' id='word_1_521' title='bbox 769 4079 856 4142; x_wconf 80' lang='lat' dir='ltr'><strong>risa·</strong></span> <span class='ocrx_word' id='word_1_522' title='bbox 898 4084 1033 4143; x_wconf 88' lang='lat' dir='ltr'><strong>Ceterum</strong></span> <span class='ocrx_word' id='word_1_523' title='bbox 1058 4104 1095 4143; x_wconf 86' lang='lat' dir='ltr'><strong>ex</strong></span> <span class='ocrx_word' id='word_1_524' title='bbox 1120 4081 1170 4142; x_wconf 92' lang='lat' dir='ltr'><strong>bis</strong></span> <span class='ocrx_word' id='word_1_525' title='bbox 1192 4081 1351 4141; x_wconf 78' lang='lat' dir='ltr'><strong>Gallienam</strong></span> <span class='ocrx_word' id='word_1_526' title='bbox 1381 4081 1536 4158; x_wconf 82' lang='lat' dir='ltr'><strong>Saraganae</strong></span> <span class='ocrx_word' id='word_1_527' title='bbox 1560 4082 1687 4174; x_wconf 74' lang='lat' dir='ltr'><strong>senioris</strong></span> 
     </span>
     <span class='ocr_line' id='line_1_41' title="bbox 65 4175 1686 4260; baseline 0.002 -26"><span class='ocrx_word' id='word_1_528' title='bbox 65 4177 106 4234; x_wconf 80' lang='grc' dir='ltr'><strong>λυν</strong></span> <span class='ocrx_word' id='word_1_529' title='bbox 120 4177 148 4235; x_wconf 81' lang='grc' dir='ltr'>δὲ</span> <span class='ocrx_word' id='word_1_530' title='bbox 161 4177 208 4236; x_wconf 86' lang='grc' dir='ltr'><strong>καί</strong></span> <span class='ocrx_word' id='word_1_531' title='bbox 218 4177 328 4258; x_wconf 80' lang='grc' dir='ltr'>εὔορμον</span> <span class='ocrx_word' id='word_1_532' title='bbox 343 4175 387 4236; x_wconf 73' lang='grc' dir='ltr'><strong>διὰ</strong></span> <span class='ocrx_word' id='word_1_533' title='bbox 404 4175 437 4234; x_wconf 70' lang='grc' dir='ltr'>τὰ</span> <span class='ocrx_word' id='word_1_534' title='bbox 452 4176 513 4258; x_wconf 84' lang='grc' dir='ltr'>περί</span> <span class='ocrx_word' id='word_1_535' title='bbox 528 4176 612 4249; x_wconf 71' lang='lat' dir='ltr'><strong>udalr</strong></span> <span class='ocrx_word' id='word_1_536' title='bbox 630 4175 763 4254; x_wconf 74' lang='grc' dir='ltr'>ιίμμόγεισ</span> <span class='ocrx_word' id='word_1_537' title='bbox 773 4179 853 4254; x_wconf 81' lang='grc' dir='ltr'>δγκυ·</span> <span class='ocrx_word' id='word_1_538' title='bbox 899 4179 1081 4260; x_wconf 83' lang='lat' dir='ltr'><strong>temporibus</strong></span> <span class='ocrx_word' id='word_1_539' title='bbox 1090 4177 1215 4258; x_wconf 74' lang='grc' dir='ltr'>ἐμπόριον</span> <span class='ocrx_word' id='word_1_540' title='bbox 1229 4176 1353 4254; x_wconf 80' lang='grc' dir='ltr'>ἔνθεσμον</span> <span class='ocrx_word' id='word_1_541' title='bbox 1365 4176 1454 4237; x_wconf 82' lang='lat' dir='ltr'><strong>luisse</strong></span> <span class='ocrx_word' id='word_1_542' title='bbox 1461 4221 1470 4252; x_wconf 96' lang='lat'><strong>,</strong></span> <span class='ocrx_word' id='word_1_543' title='bbox 1484 4177 1539 4237; x_wconf 90' lang='lat' dir='ltr'><strong>sub</strong></span> <span class='ocrx_word' id='word_1_544' title='bbox 1552 4177 1686 4238; x_wconf 87' lang='lat' dir='ltr'><strong>Sandane</strong></span> 
     </span>
     <span class='ocr_line' id='line_1_42' title="bbox 68 4271 1686 4354; baseline -0.001 -22"><span class='ocrx_word' id='word_1_545' title='bbox 68 4273 174 4350; x_wconf 74' lang='grc' dir='ltr'>μοὸολια</span> <span class='ocrx_word' id='word_1_546' title='bbox 187 4275 215 4350; x_wconf 87' lang='grc'>(5</span> <span class='ocrx_word' id='word_1_547' title='bbox 230 4276 291 4352; x_wconf 73' lang='grc' dir='ltr'>τίς).</span> <span class='ocrx_word' id='word_1_548' title='bbox 306 4273 497 4334; x_wconf 73' lang='lat' dir='ltr'><strong>ptolemaidis</strong></span> <span class='ocrx_word' id='word_1_549' title='bbox 504 4272 582 4341; x_wconf 86' lang='grc' dir='ltr'>τόπος</span> <span class='ocrx_word' id='word_1_550' title='bbox 596 4271 717 4350; x_wconf 87' lang='grc' dir='ltr'>ιἰλίμενος</span> <span class='ocrx_word' id='word_1_551' title='bbox 728 4271 854 4332; x_wconf 85' lang='grc' dir='ltr'>καίσκό-</span> <span class='ocrx_word' id='word_1_552' title='bbox 897 4290 993 4335; x_wconf 87' lang='lat' dir='ltr'><strong>autem</strong></span> <span class='ocrx_word' id='word_1_553' title='bbox 1008 4277 1195 4335; x_wconf 88' lang='lat' dir='ltr'><strong>imminutum</strong></span> <span class='ocrx_word' id='word_1_554' title='bbox 1210 4293 1273 4332; x_wconf 86' lang='lat' dir='ltr'><strong>esse</strong></span> <span class='ocrx_word' id='word_1_555' title='bbox 1284 4273 1411 4332; x_wconf 87' lang='lat' dir='ltr'><strong>traditur</strong></span> <span class='ocrx_word' id='word_1_556' title='bbox 1419 4275 1450 4354; x_wconf 81' lang='grc'>(5</span> <span class='ocrx_word' id='word_1_557' title='bbox 1463 4273 1500 4330; x_wconf 79' lang='lat'><strong>52</strong></span> <span class='ocrx_word' id='word_1_558' title='bbox 1511 4273 1534 4349; x_wconf 94' lang='grc'><strong>).</strong></span> <span class='ocrx_word' id='word_1_559' title='bbox 1545 4273 1686 4331; x_wconf 90' lang='lat' dir='ltr'><strong>Similiter</strong></span> 
     </span>
     <span class='ocr_line' id='line_1_43' title="bbox 68 4367 1683 4452; baseline -0.002 -24"><span class='ocrx_word' id='word_1_560' title='bbox 68 4392 123 4447; x_wconf 63' lang='lat' dir='ltr'><strong>aar:</strong></span> <span class='ocrx_word' id='word_1_561' title='bbox 137 4369 218 4446; x_wconf 84' lang='grc' dir='ltr'>μόνον</span> <span class='ocrx_word' id='word_1_562' title='bbox 230 4370 279 4442; x_wconf 77' lang='grc' dir='ltr'><strong>τὴν</strong></span> <span class='ocrx_word' id='word_1_563' title='bbox 294 4370 438 4452; x_wconf 76' lang='grc' dir='ltr'>ἐπιδρομὴν</span> <span class='ocrx_word' id='word_1_564' title='bbox 452 4370 521 4452; x_wconf 76' lang='grc' dir='ltr'>ίχων</span> <span class='ocrx_word' id='word_1_565' title='bbox 538 4371 612 4450; x_wconf 89' lang='grc'>(53).</span> <span class='ocrx_word' id='word_1_566' title='bbox 633 4371 775 4430; x_wconf 88' lang='lat' dir='ltr'><strong>Similiter</strong></span> <span class='ocrx_word' id='word_1_567' title='bbox 788 4371 855 4429; x_wconf 87' lang='lat' dir='ltr'><strong>Nel·</strong></span> <span class='ocrx_word' id='word_1_568' title='bbox 897 4371 1057 4430; x_wconf 83' lang='lat' dir='ltr'><strong>Eudaemon</strong></span> <span class='ocrx_word' id='word_1_569' title='bbox 1079 4369 1188 4429; x_wconf 78' lang='lat' dir='ltr'><strong>Arabia</strong></span> <span class='ocrx_word' id='word_1_570' title='bbox 1199 4368 1271 4428; x_wconf 88' lang='lat' dir='ltr'><strong>olim</strong></span> <span class='ocrx_word' id='word_1_571' title='bbox 1287 4368 1427 4427; x_wconf 87' lang='lat' dir='ltr'><strong>eximium</strong></span> <span class='ocrx_word' id='word_1_572' title='bbox 1440 4367 1495 4425; x_wconf 82' lang='lat' dir='ltr'><strong>fuir</strong></span> <span class='ocrx_word' id='word_1_573' title='bbox 1506 4367 1683 4445; x_wconf 87' lang='lat' dir='ltr'><strong>empurium,</strong></span> 
     </span>
     <span class='ocr_line' id='line_1_44' title="bbox 69 4461 1685 4547; baseline -0.002 -23"><span class='ocrx_word' id='word_1_574' title='bbox 69 4468 161 4541; x_wconf 79' lang='lat' dir='ltr'><strong>rynda</strong></span> <span class='ocrx_word' id='word_1_575' title='bbox 180 4467 336 4546; x_wconf 76' lang='lat' dir='ltr'><strong>Limyricae</strong></span> <span class='ocrx_word' id='word_1_576' title='bbox 358 4468 472 4527; x_wconf 90' lang='lat' dir='ltr'><strong>onustis</strong></span> <span class='ocrx_word' id='word_1_577' title='bbox 493 4467 619 4528; x_wconf 87' lang='lat' dir='ltr'><strong>navibus</strong></span> <span class='ocrx_word' id='word_1_578' title='bbox 635 4468 712 4528; x_wconf 87' lang='lat' dir='ltr'><strong>adiri</strong></span> <span class='ocrx_word' id='word_1_579' title='bbox 735 4471 853 4547; x_wconf 90' lang='lat' dir='ltr'><strong>nequit,</strong></span> <span class='ocrx_word' id='word_1_580' title='bbox 897 4479 999 4544; x_wconf 85' lang='lat' dir='ltr'><strong>postea</strong></span> <span class='ocrx_word' id='word_1_581' title='bbox 1009 4485 1081 4524; x_wconf 87' lang='lat' dir='ltr'><strong>vero</strong></span> <span class='ocrx_word' id='word_1_582' title='bbox 1097 4478 1205 4523; x_wconf 90' lang='lat' dir='ltr'><strong>mutata</strong></span> <span class='ocrx_word' id='word_1_583' title='bbox 1225 4463 1420 4541; x_wconf 80' lang='lat' dir='ltr'><strong>navigationis</strong></span> <span class='ocrx_word' id='word_1_584' title='bbox 1443 4463 1556 4519; x_wconf 87' lang='lat' dir='ltr'><strong>ratione</strong></span> <span class='ocrx_word' id='word_1_585' title='bbox 1573 4461 1611 4520; x_wconf 90' lang='lat' dir='ltr'><strong>ad</strong></span> <span class='ocrx_word' id='word_1_586' title='bbox 1626 4463 1685 4521; x_wconf 87' lang='lat' dir='ltr'><strong>vici</strong></span> 
     </span>
     <span class='ocr_line' id='line_1_45' title="bbox 68 4559 1684 4642; baseline 0.001 -24"><span class='ocrx_word' id='word_1_587' title='bbox 68 4563 113 4619; x_wconf 69' lang='lat' dir='ltr'><strong>sed</strong></span> <span class='ocrx_word' id='word_1_588' title='bbox 124 4563 161 4620; x_wconf 90' lang='lat' dir='ltr'><strong>ad</strong></span> <span class='ocrx_word' id='word_1_589' title='bbox 179 4563 414 4623; x_wconf 78' lang='lat' dir='ltr'><strong>bacarenricnm</strong></span> <span class='ocrx_word' id='word_1_590' title='bbox 427 4563 643 4624; x_wconf 87' lang='lat' dir='ltr'><strong>subsistendum</strong></span> <span class='ocrx_word' id='word_1_591' title='bbox 654 4566 755 4642; x_wconf 90' lang='lat' dir='ltr'><strong>ibique</strong></span> <span class='ocrx_word' id='word_1_592' title='bbox 766 4585 856 4624; x_wconf 89' lang='lat' dir='ltr'><strong>onera</strong></span> <span class='ocrx_word' id='word_1_593' title='bbox 898 4563 1057 4621; x_wconf 82' lang='lat' dir='ltr'><strong>exilitatem</strong></span> <span class='ocrx_word' id='word_1_594' title='bbox 1080 4562 1230 4620; x_wconf 85' lang='lat' dir='ltr'><strong>redactum</strong></span> <span class='ocrx_word' id='word_1_595' title='bbox 1246 4573 1401 4638; x_wconf 87' lang='lat' dir='ltr'><strong>est,que1u</strong></span> <span class='ocrx_word' id='word_1_596' title='bbox 1424 4577 1483 4617; x_wconf 92' lang='lat' dir='ltr'><strong>non</strong></span> <span class='ocrx_word' id='word_1_597' title='bbox 1502 4559 1544 4615; x_wconf 87' lang='lat' dir='ltr'><strong>ita</strong></span> <span class='ocrx_word' id='word_1_598' title='bbox 1560 4559 1684 4619; x_wconf 90' lang='lat' dir='ltr'><strong>multum</strong></span> 
     </span>
     <span class='ocr_line' id='line_1_46' title="bbox 68 4653 1683 4741; baseline -0.002 -25"><span class='ocrx_word' id='word_1_599' title='bbox 68 4661 266 4737; x_wconf 86' lang='lat' dir='ltr'><strong>expromenda</strong></span> <span class='ocrx_word' id='word_1_600' title='bbox 277 4673 345 4720; x_wconf 89' lang='lat' dir='ltr'><strong>suut</strong></span> <span class='ocrx_word' id='word_1_601' title='bbox 362 4661 457 4739; x_wconf 87' lang='grc'>(555).</span> <span class='ocrx_word' id='word_1_602' title='bbox 471 4660 506 4720; x_wconf 91' lang='lat' dir='ltr'><strong>ln</strong></span> <span class='ocrx_word' id='word_1_603' title='bbox 516 4662 664 4722; x_wconf 80' lang='lat' dir='ltr'><strong>Adulitioo</strong></span> <span class='ocrx_word' id='word_1_604' title='bbox 678 4674 771 4721; x_wconf 90' lang='lat' dir='ltr'><strong>autem</strong></span> <span class='ocrx_word' id='word_1_605' title='bbox 787 4663 853 4720; x_wconf 89' lang='lat' dir='ltr'><strong>sinu</strong></span> <span class='ocrx_word' id='word_1_606' title='bbox 898 4670 965 4741; x_wconf 83' lang='lat' dir='ltr'><strong>ante</strong></span> <span class='ocrx_word' id='word_1_607' title='bbox 976 4657 1075 4716; x_wconf 88' lang='lat' dir='ltr'><strong>Nostri</strong></span> <span class='ocrx_word' id='word_1_608' title='bbox 1090 4669 1202 4715; x_wconf 88' lang='lat' dir='ltr'><strong>aetatem</strong></span> <span class='ocrx_word' id='word_1_609' title='bbox 1214 4655 1309 4713; x_wconf 86' lang='lat' dir='ltr'><strong>Elisar</strong></span> <span class='ocrx_word' id='word_1_610' title='bbox 1320 4653 1464 4712; x_wconf 85' lang='lat' dir='ltr'><strong>destruxit</strong></span> <span class='ocrx_word' id='word_1_611' title='bbox 1477 4654 1503 4730; x_wconf 80' lang='grc'>(5</span> <span class='ocrx_word' id='word_1_612' title='bbox 1513 4655 1573 4727; x_wconf 81' lang='grc' dir='ltr'>υό).</span> <span class='ocrx_word' id='word_1_613' title='bbox 1590 4653 1624 4712; x_wconf 92' lang='lat' dir='ltr'><strong>ln</strong></span> <span class='ocrx_word' id='word_1_614' title='bbox 1635 4653 1683 4712; x_wconf 86' lang='lat' dir='ltr'><strong>Li-</strong></span> 
     </span>
     <span class='ocr_line' id='line_1_47' title="bbox 67 4749 1684 4836; baseline -0.001 -25"><span class='ocrx_word' id='word_1_615' title='bbox 67 4773 155 4828; x_wconf 89' lang='lat' dir='ltr'><strong>quum</strong></span> <span class='ocrx_word' id='word_1_616' title='bbox 170 4755 242 4813; x_wconf 89' lang='lat' dir='ltr'><strong>olim</strong></span> <span class='ocrx_word' id='word_1_617' title='bbox 266 4755 301 4814; x_wconf 91' lang='lat' dir='ltr'><strong>ad</strong></span> <span class='ocrx_word' id='word_1_618' title='bbox 320 4756 444 4817; x_wconf 89' lang='lat' dir='ltr'><strong>Diodori</strong></span> <span class='ocrx_word' id='word_1_619' title='bbox 456 4756 582 4816; x_wconf 82' lang='lat' dir='ltr'><strong>insulam</strong></span> <span class='ocrx_word' id='word_1_620' title='bbox 595 4757 675 4817; x_wconf 87' lang='lat' dir='ltr'><strong>litori</strong></span> <span class='ocrx_word' id='word_1_621' title='bbox 689 4758 853 4836; x_wconf 88' lang='lat' dir='ltr'><strong>proximam</strong></span> <span class='ocrx_word' id='word_1_622' title='bbox 897 4754 1009 4831; x_wconf 85' lang='lat' dir='ltr'><strong>myrica</strong></span> <span class='ocrx_word' id='word_1_623' title='bbox 1034 4753 1170 4824; x_wconf 87' lang='lat' dir='ltr'><strong>lluziris,</strong></span> <span class='ocrx_word' id='word_1_624' title='bbox 1193 4753 1225 4811; x_wconf 93' lang='lat' dir='ltr'><strong>in</strong></span> <span class='ocrx_word' id='word_1_625' title='bbox 1238 4749 1398 4809; x_wconf 86' lang='lat' dir='ltr'><strong>Pandionis</strong></span> <span class='ocrx_word' id='word_1_626' title='bbox 1422 4769 1512 4826; x_wconf 86' lang='lat' dir='ltr'><strong>regno</strong></span> <span class='ocrx_word' id='word_1_627' title='bbox 1536 4750 1684 4829; x_wconf 88' lang='lat' dir='ltr'><strong>Nelcynda</strong></span> 
     </span>
     <span class='ocr_line' id='line_1_48' title="bbox 67 4846 1681 4929; baseline 0.001 -27"><span class='ocrx_word' id='word_1_628' title='bbox 67 4851 261 4927; x_wconf 79' lang='lat' dir='ltr'><strong>appellerent,</strong></span> <span class='ocrx_word' id='word_1_629' title='bbox 278 4871 356 4910; x_wconf 90' lang='lat' dir='ltr'><strong>nunc</strong></span> <span class='ocrx_word' id='word_1_630' title='bbox 379 4852 415 4911; x_wconf 89' lang='lat' dir='ltr'><strong>ad</strong></span> <span class='ocrx_word' id='word_1_631' title='bbox 428 4851 540 4911; x_wconf 88' lang='lat' dir='ltr'><strong>Orinen</strong></span> <span class='ocrx_word' id='word_1_632' title='bbox 564 4851 690 4911; x_wconf 88' lang='lat' dir='ltr'><strong>insulam</strong></span> <span class='ocrx_word' id='word_1_633' title='bbox 710 4870 798 4912; x_wconf 89' lang='lat' dir='ltr'><strong>naves</strong></span> <span class='ocrx_word' id='word_1_634' title='bbox 818 4853 854 4912; x_wconf 92' lang='lat' dir='ltr'><strong>si·</strong></span> <span class='ocrx_word' id='word_1_635' title='bbox 898 4851 1013 4929; x_wconf 70' lang='grc' dir='ltr'>ἐμπόρια</span> <span class='ocrx_word' id='word_1_636' title='bbox 1026 4846 1230 4927; x_wconf 77' lang='grc' dir='ltr'>ἀποδεδειγμένα</span> <span class='ocrx_word' id='word_1_637' title='bbox 1242 4847 1342 4905; x_wconf 91' lang='lat' dir='ltr'><strong>Nostri</strong></span> <span class='ocrx_word' id='word_1_638' title='bbox 1360 4846 1540 4925; x_wconf 88' lang='lat' dir='ltr'><strong>temporibus</strong></span> <span class='ocrx_word' id='word_1_639' title='bbox 1559 4849 1681 4917; x_wconf 76' lang='lat' dir='ltr'><strong>luerint,</strong></span> 
     </span>
     <span class='ocr_line' id='line_1_49' title="bbox 15 4941 1680 5025; baseline -0.002 -21"><span class='ocrx_word' id='word_1_640' title='bbox 15 4965 16 5004; x_wconf 80' lang='grc' dir='ltr'>ι</span> <span class='ocrx_word' id='word_1_641' title='bbox 65 4946 301 5022; x_wconf 88' lang='lat' dir='ltr'><strong>stunt,quoniam</strong></span> <span class='ocrx_word' id='word_1_642' title='bbox 312 4948 395 5025; x_wconf 91' lang='lat' dir='ltr'><strong>prior</strong></span> <span class='ocrx_word' id='word_1_643' title='bbox 407 4949 493 5006; x_wconf 85' lang='lat' dir='ltr'><strong>statio</strong></span> <span class='ocrx_word' id='word_1_644' title='bbox 502 4945 697 5006; x_wconf 88' lang='lat' dir='ltr'><strong>barbarorum</strong></span> <span class='ocrx_word' id='word_1_645' title='bbox 713 4947 855 5006; x_wconf 82' lang='lat' dir='ltr'><strong>incursio·</strong></span> <span class='ocrx_word' id='word_1_646' title='bbox 897 4961 976 5006; x_wconf 83' lang='lat' dir='ltr'><strong>certe</strong></span> <span class='ocrx_word' id='word_1_647' title='bbox 989 4947 1034 5004; x_wconf 84' lang='lat' dir='ltr'><strong>bae</strong></span> <span class='ocrx_word' id='word_1_648' title='bbox 1048 4946 1135 5005; x_wconf 88' lang='lat' dir='ltr'><strong>urbes</strong></span> <span class='ocrx_word' id='word_1_649' title='bbox 1145 4944 1283 5002; x_wconf 90' lang='lat' dir='ltr'><strong>dicuntur</strong></span> <span class='ocrx_word' id='word_1_650' title='bbox 1295 4943 1323 4999; x_wconf 87' lang='grc' dir='ltr'><strong>αί</strong></span> <span class='ocrx_word' id='word_1_651' title='bbox 1341 4946 1385 5000; x_wconf 83' lang='grc' dir='ltr'><strong>νῦν</strong></span> <span class='ocrx_word' id='word_1_652' title='bbox 1399 4941 1565 5022; x_wconf 86' lang='grc' dir='ltr'>πρόσσουσαι</span> <span class='ocrx_word' id='word_1_653' title='bbox 1578 4946 1606 5020; x_wconf 89' lang='grc'>(5</span> <span class='ocrx_word' id='word_1_654' title='bbox 1620 4945 1680 5019; x_wconf 83' lang='grc'><strong>53),</strong></span> 
     </span>
    </p>
   </div>
   <div class='ocr_carea' id='block_1_3' title="bbox 15 5047 1682 5274">
    <p class='ocr_par' dir='ltr' id='par_1_4' title="bbox 15 5047 1682 5274">
     <span class='ocr_line' id='line_1_50' title="bbox 15 5047 1682 5154; baseline -0.003 -28"><span class='ocrx_word' id='word_1_655' title='bbox 15 5047 16 5068; x_wconf 34' lang='lat' dir='ltr'><strong>l</strong></span> <span class='ocrx_word' id='word_1_656' title='bbox 68 5135 77 5148; x_wconf 34' lang='grc' dir='ltr'>ι</span> <span class='ocrx_word' id='word_1_657' title='bbox 94 5077 128 5148; x_wconf 65' lang='grc' dir='ltr'><strong>Γ)</strong></span> <span class='ocrx_word' id='word_1_658' title='bbox 140 5077 172 5125; x_wconf 78' lang='lat' dir='ltr'><strong>rt</strong></span> <span class='ocrx_word' id='word_1_659' title='bbox 184 5077 226 5124; x_wconf 82' lang='lat' dir='ltr'><strong>rix</strong></span> <span class='ocrx_word' id='word_1_660' title='bbox 229 5087 294 5154; x_wconf 61' lang='lat' dir='ltr'><strong>sens</strong></span> <span class='ocrx_word' id='word_1_661' title='bbox 302 5089 349 5126; x_wconf 81' lang='grc' dir='ltr'><strong>τοι</strong></span> <span class='ocrx_word' id='word_1_662' title='bbox 364 5078 428 5138; x_wconf 77' lang='grc' dir='ltr'>καλ,</span> <span class='ocrx_word' id='word_1_663' title='bbox 439 5089 495 5154; x_wconf 73' lang='lat' dir='ltr'><strong>gua</strong></span> <span class='ocrx_word' id='word_1_664' title='bbox 509 5077 630 5154; x_wconf 44' lang='lat' dir='ltr'><strong>ln&#39;codiee</strong></span> <span class='ocrx_word' id='word_1_665' title='bbox 643 5078 742 5152; x_wconf 70' lang='lat' dir='ltr'><strong>amenta</strong></span> <span class='ocrx_word' id='word_1_666' title='bbox 761 5079 834 5126; x_wconf 87' lang='lat' dir='ltr'><strong>earet.</strong></span> <span class='ocrx_word' id='word_1_667' title='bbox 852 5080 918 5127; x_wconf 83' lang='lat' dir='ltr'><strong>Fort.</strong></span> <span class='ocrx_word' id='word_1_668' title='bbox 931 5079 1004 5126; x_wconf 86' lang='lat' dir='ltr'><strong>erat:</strong></span> <span class='ocrx_word' id='word_1_669' title='bbox 1017 5075 1128 5124; x_wconf 80' lang='grc' dir='ltr'>κολόνδια</span> <span class='ocrx_word' id='word_1_670' title='bbox 1147 5074 1206 5123; x_wconf 74' lang='grc' dir='ltr'>οντα</span> <span class='ocrx_word' id='word_1_671' title='bbox 1226 5089 1279 5135; x_wconf 73' lang='grc' dir='ltr'>μιν.</span> <span class='ocrx_word' id='word_1_672' title='bbox 1297 5073 1336 5122; x_wconf 83' lang='lat' dir='ltr'><strong>rel</strong></span> <span class='ocrx_word' id='word_1_673' title='bbox 1351 5069 1443 5122; x_wconf 72' lang='grc' dir='ltr'>πάντων</span> <span class='ocrx_word' id='word_1_674' title='bbox 1455 5073 1485 5121; x_wconf 83' lang='grc' dir='ltr'>τὰ</span> <span class='ocrx_word' id='word_1_675' title='bbox 1498 5071 1584 5134; x_wconf 78' lang='grc' dir='ltr'>μ.,ντί</span> <span class='ocrx_word' id='word_1_676' title='bbox 1595 5071 1682 5122; x_wconf 86' lang='grc' dir='ltr'>κόλανα</span> 
     </span>
     <span class='ocr_line' id='line_1_51' title="bbox 67 5140 1572 5274; baseline -0.004 -17"><span class='ocrx_word' id='word_1_677' title='bbox 67 5140 936 5274; x_wconf 43' lang='lat' dir='ltr'><strong>⁶liliii‘iilliiltiliieifflellalriltidriiiwililiitwrds&#39;liiiiiiidliiiiftiinmurram</strong></span> <span class='ocrx_word' id='word_1_678' title='bbox 950 5208 973 5258; x_wconf 85' lang='lat' dir='ltr'><strong>id</strong></span> <span class='ocrx_word' id='word_1_679' title='bbox 986 5210 1010 5256; x_wconf 89' lang='lat' dir='ltr'><strong>lu</strong></span> <span class='ocrx_word' id='word_1_680' title='bbox 1019 5205 1102 5258; x_wconf 81' lang='lat' dir='ltr'><strong>codice</strong></span> <span class='ocrx_word' id='word_1_681' title='bbox 1114 5208 1197 5257; x_wconf 81' lang='lat' dir='ltr'><strong>nostro</strong></span> <span class='ocrx_word' id='word_1_682' title='bbox 1211 5205 1307 5256; x_wconf 70' lang='lat' dir='ltr'><strong>(laenis</strong></span> <span class='ocrx_word' id='word_1_683' title='bbox 1319 5203 1402 5254; x_wconf 77' lang='lat' dir='ltr'><strong>vertis</strong></span> <span class='ocrx_word' id='word_1_684' title='bbox 1417 5215 1467 5252; x_wconf 88' lang='lat' dir='ltr'><strong>non</strong></span> <span class='ocrx_word' id='word_1_685' title='bbox 1478 5201 1572 5252; x_wconf 78' lang='lat' dir='ltr'><strong>dicitur.</strong></span> 
     </span>
    </p>
   </div>
   <div class='ocr_carea' id='block_1_4' title="bbox 0 0 1892 5750">
    <p class='ocr_par' dir='ltr' id='par_1_5' title="bbox 0 0 1892 5750">
     <span class='ocr_line' id='line_1_52' title="bbox 0 0 1892 5750; baseline 0 0"><span class='ocrx_word' id='word_1_686' title='bbox 0 0 1892 5750; x_wconf 95' lang='lat' dir='ltr'><strong> </strong></span> 
     </span>
    </p>
   </div>
  </div>
 </body>
</html>
