3775 5750
1085 339 1120 397 fi

222 411 302 463 .,.
403 382 810 479 inurimur
1263 386 1658 537 ANONYMI¹

155 646 158 653 -
252 584 492 695 ’[ΣΚΥΜΝΘῪ
532 610 655 692 ΧΙΘΥ,
694 625 734 671 ur
763 600 937 706 cerrum]

1096 605 1330 740 [permut
1367 625 1512 713 cun,
1547 642 1588 690 ur
1614 622 1780 724 reama]

304 826 889 960 ΠΕΡΙΗΓΗΣΙΣ.
1055 845 1284 1029 ORBIS
1322 852 1820 974 DESCRIPTIO.
1881 977 1882 984 τ

566 1116 641 1129 —

1402 1136 1472 1148 1——

263 1254 376 1316 Πάντων
391 1254 598 1331 ἀναγκαιότατον
611 1259 627 1327 ἡ
643 1258 787 1337 κωμῳδία,

250 1342 379 1401 θειότατε
395 1345 502 1421 βασιλεῦ
516 1343 680 1420 Νικύμηδες,
694 1346 762 1403 τοῦτ’
775 1345 830 1425 ἔχει

253 1452 293 1489 το
280 1430 351 1490 καὶ
368 1430 486 1511 βραχέως
500 1433 600 1490 ἕκαστα
615 1432 660 1491 καί
675 1434 780 1514 φράζειν
795 1438 885 1516 σαφῶς

262 1520 308 1579 καλ
321 1520 488 1600 ψυχαγωγεῖν
504 1520 592 1578 πάντα
604 1521 647 1580 τὸν
662 1526 721 1599 ὑγιῆ
734 1522 834 1603 κριτήν.

211 1627 235 1668 't
262 1608 310 1667 Διὸ
324 1608 356 1679 δὴ
369 1606 553 1683 δοκιμάσας
529 1630 559 1665 το
575 1632 606 1665 τι
608 1608 683 1667 θανον
697 1614 743 1681 τῆς
758 1602 851 1677 λέξεως

258 1696 304 1756 σοί
317 1719 345 1755 τε
362 1693 512 1766 διὰταύτης
524 1696 639 1774 έντυγεῑν
655 1698 850 1763 ἐσπούδασα

263 1808 309 1843 και
298 1783 474 1860 διαλεγῆναι
490 1784 651 1864 βραγία,’
620 1807 651 1843 το
666 1809 694 1843 τε
709 1782 870 1864 συνηγμένον

262 1874 325 1931 εὖτε
327 1870 458 1954 ριγράρως
472 1872 604 1982 ώρέλιμον
620 1875 759 1933 ἀναδοῦναι
773 1874 832 1933 τόδε

255 1960 415 2039 σύνταγμα,
431 1960 519 2032 κοινὴν
531 1968 598 2019 πᾶσι
614 1960 698 2033 nlr’
674 1962 832 2043 ευγρηστίαν

223 2071 248 2110 ιο
257 2046 305 2109 td
319 2047 349 2107 σέ
362 2046 463 2161 παρέξ
446 2071 481 2105 ων
494 2056 546 2115 τοῖς
558 2048 662 2107 θέλουσι
675 2054 814 2131 ριλομαθ
792 2074 839 2112 ειν.

256 2126 463 2213 Βουλόμενοςῗ
434 2159 478 2195 ουν
493 2158 534 2195 σοι
549 2140 653 2215 πρῶτον
670 2138 789 2197 ἐκθέσθαι
804 2141 893 2221 σαφῶς

260 2224 304 2284 τθν
319 2224 544 2301 άτολογισμθν”
512 2249 559 2296 της
571 2224 633 2333 δλγς
648 2224 806 2301 συντάξεως,

261 2314 328 2371 σίτου
342 2314 448 2384 δοθῆναι
460 2316 493 2392 τῇ
508 2318 604 2393 προεκθ
606 2310 660 2371 έσει
672 2313 748 2391 λύγον

261 2398 300 2476 μὴ
314 2399 409 2458 πολύν·
422 2399 480 2477 ἐμοὶ
493 2400 588 2479 γθρ
556 2424 572 2458 κ
591 2400 672 2459 ίνεται
687 2403 838 2468 λακωνικῶς

222 2507 247 2546 to
260 2508 321 2567 περι
310 2486 459 2568 μεγάλων
474 2487 603 2569 ἐλάχιστα
615 2488 780 2569 πραγμάτων
794 2489 887 2568 λέγειν.

258 2573 338 2635 Εστι
353 2576 375 2634 δ’
391 2575 515 2689 θγράρω
530 2582 650 2637 τοιαῦτα.
665 2578 729 2645 'loir
744 2579 770 2636 έν
785 2575 923 2657 Περγάμῳ

260 2654 452 2743 βασιλεῦσιν,
432 2686 469 2721 ων
482 2669 500 2735 ἡ
513 2662 573 2732 dola
587 2662 633 2723 καί
646 2664 807 2737 τεθνηκότων

260 2750 335 2830 παρὰ
348 2759 428 2809 πᾶσιν
442 2754 506 2827 ἡμῖν
521 2754 592 2859 ζῶσα
608 2750 650 2809 διδ
664 2752 761 2818 παντὸς
777 2750 836 2827 μένε
839 2774 861 2824 ι,

258 2840 311 2896 τῶν
326 2836 449 2896 Ἀττικῶν
463 2862 500 2905 τις
512 2838 626 2917 γνησίων
639 2860 667 2896 τε
683 2837 838 2918 φιλολόγων,

220 2945 247 2986 το
260 2923 371 3004 γεγονὼς
383 2924 512 2997 droco-rh<
523 2925 659 3004 Διογέίους
673 2929 718 2984 τοῦ
733 2928 869 2997 Στωϊκοῦ,

260 3013 459 3093 συνεσχολακὼς
472 3013 499 3073 δὲ
512 3012 594 3074 πολύν
609 3011 773 3095 Ἀριστάρχῳ
784 3012 885 3095 χρόνον,

258 3099 410 3170 συνετάξατ’
423 3100 475 3160 ἀπὸ
489 3105 535 3173 τῆς
548 3104 670 3182 Τρωῖκῆς
682 3099 804 3168 ἇλώσεως

258 3187 450 3270 χρονογραφίαν
463 3193 618 3269 στοιχοῦσαν
632 3188 695 3269 ἄχρι
709 3194 754 3247 τοῦ
769 3194 813 3247 νῦν
827 3189 893 3270 βίον.

257 3275 329 3351 'Em
344 3279 372 3338 δέ
385 3277 579 3356 τετταράκοντα
593 3276 658 3357 πρὸς
669 3281 722 3344 τοῖς
735 3277 829 3357 χιλίοις

218 3387 245 3426 τι
258 3367 409 3448 ὡρισμένοις
422 3366 531 3440 ἐξέθετο,
543 3369 782 3446 καταριθμούμενος

1039 1279 1167 1332 Omnium
1179 1279 1295 1333 maxime
1306 1284 1481 1335 necessarium
1494 1284 1637 1350 mmoedia,

1038 1366 1202 1421 divinissime
1213 1386 1259 1421 rex
1271 1369 1444 1436 Nicomedes,
1457 1371 1509 1425 hoc
1521 1372 1616 1440 habet,

1038 1464 1068 1506 ut
1079 1464 1105 1507 ct
1118 1454 1233 1507 breviter
1245 1456 1345 1525 singula
1354 1456 1428 1509 ›dicat
1438 1468 1465 1509 et
1474 1462 1628 1529 perspicue,

1032 1542 1200 1614 oblectetque
1211 1562 1304 1615 sanum
1315 1546 1434 1614 quemvis
1441 1543 1569 1614 judicem.

1038 1632 1129 1699 ltaque
1139 1629 1254 1700 probans
1264 1629 1321 1700 ejus
1332 1630 1456 1683 dictionis
1467 1631 1621 1696 commoda,

1039 1715 1166 1786 perhanc
1177 1715 1251 1769 adire
1262 1726 1288 1769 tc
1300 1718 1419 1782 institui,
1599 1789 1605 1795 .

1037 1812 1177 1873 tecumque
1188 1821 1272 1875 pauca
1282 1803 1396 1875 colloqui
1407 1843 1416 1867 ,
1428 1815 1508 1875 atque
1516 1807 1691 1877 compositam

1032 1889 1143 1941 ,modico
1153 1890 1256 1943 ambitu
1268 1890 1359 1943 utilem
1373 1890 1450 1943 cdere
1462 1892 1530 1945 hanc

1036 1976 1222 2046 scriptionem,
1235 1994 1377 2029 commune
1387 1978 1512 2031 omnibus
1522 1979 1694 2033 commodum

1036 2081 1085 2133 per
1096 2074 1122 2115 tc
1133 2063 1290 2134 praebiturus
1303 2062 1423 2117 discendi
1437 2065 1526 2118 studio
1537 2065 1643 2119 deditis.

1036 2150 1155 2203 Primum
1166 2151 1247 2219 igitur
1256 2149 1352 2203 diserte
1364 2151 1411 2203 tihi
1425 2151 1514 2203 volens
1527 2169 1658 2224 exponere

1032 2239 1166 2291 rationem
1179 2240 1260 2290 totius
1270 2236 1350 2307 hujus
1363 2239 1466 2309 operis,

1035 2327 1138 2396 [uarice
1149 2326 1306 2397 expositioni
1318 2336 1379 2396 pcto
1389 2344 1423 2378 ne
1434 2325 1513 2379 detur
1523 2345 1609 2380 sermo

1036 2413 1151 2475 multus;
1165 2413 1230 2465 mihi
1241 2413 1313 2465 enim
1324 2412 1459 2465 decretum
1471 2423 1511 2466 est
1519 2413 1634 2467 laconice

1035 2497 1069 2550 de
1080 2500 1181 2569 magnis
1196 2500 1305 2553 minima
1315 2500 1394 2553 rebus
1410 2500 1508 2555 dicere.

1035 2588 1103 2640 Sunt
1115 2605 1174 2658 quae
1183 2588 1297 2641 scribam
1308 2590 1379 2642 talia.
1392 2591 1557 2659 Pergamenis

1034 2674 1140 2742 regibus
1146 2714 1154 2738 ,
1170 2692 1284 2745 quorum
1296 2675 1377 2745 gloria
1388 2675 1429 2727 vel
1440 2687 1607 2729 mortuorum

1034 2759 1105 2830 apud
1115 2778 1206 2814 omnes
1214 2780 1269 2833 ¹nos
1280 2762 1340 2815 vira
1352 2780 1454 2833 semper
1465 2773 1568 2827 manet,

1035 2850 1185 2904 Atticorum
1196 2848 1306 2921 quidam
1317 2868 1494 2922 verorumque
1504 2851 1719 2922 philologorum,

1034 2938 1083 3007 qui
1096 2936 1182 2990 suerat
1194 2935 1300 2991 auditor
1313 2938 1438 3006 Diogenis
1447 2939 1544 3003 Stoici,

1035 3021 1231 3094 discipulusque
1242 3023 1386 3077 Aristarchi
1398 3024 1511 3076 multum
1525 3025 1664 3095 temporis,

1034 3110 1190 3180 conscripsit
1200 3109 1437 3181 chronographiam
1448 3128 1463 3163 a
1476 3109 1593 3180 Trojano
1603 3111 1710 3164 excidio

1034 3195 1247 3269 progredientem
1259 3196 1293 3249 ad
1304 3214 1418 3267 praesens
1430 3214 1512 3268 usque
1523 3216 1625 3262 rerum,

1034 3303 1117 3337 annos
1128 3294 1216 3337 autern
1228 3283 1401 3355 quadraginta
1413 3303 1493 3357 supra
1505 3284 1575 3339 mille

1034 3369 1142 3423 definite
1153 3372 1288 3441 exposuit,
1302 3388 1459 3424 enumerans

259 3456 361 3516 τέλειον
377 3456 502 3528 ἁλώσεις,
517 3455 690 3533 έκτοπισμοθς
704 3455 898 3535 στρατοπέδων,

258 3544 465 3619 μεταναστάσεις
479 3546 566 3616 ἐθνῶν,
582 3544 719 3624 στρατείας
734 3545 886 3626 βαρθάρων,

257 3632 361 3710 έρύδους
373 3631 528 3712 περαιώσας
540 3653 569 3689 τε
580 3635 708 3690 ναυτικῶν
721 3631 831 3704 στολων,

257 3717 338 3784 θέσεις
352 3717 469 3794 ἀγώνων,
484 3717 653 3799 συμμαχίας,
668 3718 795 3790 σπονδάς,
809 3718 911 3799 μάχας,
929 3759 942 3775 .

204 3824 245 3865 -80
259 3803 364 3884 πράξεις
377 3802 521 3882 βασιλέων,
536 3806 668 3887 έπιρανῶν
685 3807 785 3885 ἀνδρῶν
799 3807 882 3885 βίους,
946 3828 951 3839 ·

1033 3458 1141 3511 urbium
1153 3460 1373 3531 expugnationes,
1387 3459 1568 3512 translationes
1577 3461 1760 3528 exercituum,

1033 3548 1202 3616 migrationes
1213 3550 1348 3617 gentium,
1363 3548 1543 3619 expeditiones
1556 3549 1752 3614 barbarorum,

1033 3635 1146 3704 impetus
1158 3645 1186 3686 et
1196 3633 1374 3688 traductiones
1385 3635 1518 3689 navalium
1532 3635 1670 3701 classium,

1032 3722 1209 3776 institutiones
1219 3725 1409 3789 certaminum,
1422 3722 1535 3788 imdcra,
1550 3735 1635 3795 pacta,
1647 3724 1759 3796 prolia,

1034 3820 1104 3878 gesta
1118 3827 1225 3879 regum,
1239 3810 1370 3864 clarorum
1382 3812 1500 3863 rimrum
1514 3812 1594 3876 ritas,

244 3889 406 3972 puqdma
408 3892 526 3972 ραττίας,
539 3893 695 3961 aeschrione
706 3917 753 3974 τυ
755 3893 827 3953 αννίδ
814 3896 878 3953 δων·
1033 3897 1125 3962 exilia,
1140 3897 1336 3970 expeditiones,
1350 3899 1498 3952 eversiones
1509 3899 1696 3971 tyrannidum,

238 4062 372 4133 Anonymi
381 4060 460 4133 hujus
473 4061 611 4133 pericgesis
620 4063 647 4115 in
659 4061 761 4116 codice
763 4064 880 4116 Parisino
892 4066 1023 4157 excipit
1033 4065 1127 4119 osolt.
1140 4067 1238 4135 )totius
1247 4067 1388 4120 voluminis
1395 4079 1549 4139 postremas.
1563 4070 1665 4121 Verum
1674 4068 1767 4122 ultima
1776 4088 1822 4140 pa·

202 4142 303 4196 iambos
319 4143 448 4214 Dionysii,
466 4142 605 4214 quibusp.
628 4146 677 4208 124
691 4144 738 4196 lin.
752 4142 800 4196 ult.
811 4124 1023 4236 subscriptum
1032 4161 1093 4214 gina
1103 4145 1169 4198 adeo
1180 4156 1218 4199 est
1226 4144 1331 4211 detrita
1342 4156 1372 4199 ut
1382 4145 1450 4217 legi
1438 4166 1494 4217 Jam
1507 4165 1562 4201 non
1574 4157 1660 4241 queat.
1698 4148 1822 4201 Ceterum

201 4233 258 4275 cst:
283 4222 432 4292 Δικαιάρχου
460 4218 588 4292 άναγραρὴ
616 4225 659 4287 τῆς
681 4220 811 4284 Ελλάδος.
839 4225 870 4274 Ιιι
893 4224 989 4294 pagina
1032 4241 1087 4276 non
1101 4225 1224 4278 cr'athaec
1239 4224 1331 4279 ultima
1341 4224 1464 4278 codicis
1456 4227 1565 4296 integri,
1581 4245 1609 4278 ιιι
1621 4244 1674 4296 qno
1689 4243 1760 4278 unus
1773 4230 1822 4280 sal·

204 4303 251 4355 125
263 4302 310 4354 lin.
328 4319 338 4355 r
356 4301 479 4371 leguntur
487 4300 601 4354 verbu
580 4307 685 4372 ευτυχῶς
695 4301 843 4373 Μαρκιανῷ,
855 4310 881 4353 et
890 4300 987 4354 deinde
1031 4312 1084 4355 tem
1098 4305 1237 4373 quaternio
1255 4303 1429 4358 desideratur.
1445 4305 1533 4375 Vulgo
1542 4323 1687 4376 perregesm
1703 4316 1820 4358 nostram

199 4393 260 4452 post
272 4399 383 4436 vacuum
396 4379 487 4434 decem
498 4379 632 4434 literarum
646 4383 759 4454 spatium
776 4383 803 4435 in
816 4380 908 4434 eadem
920 4381 988 4434 linea
1031 4381 1146 4453 Scymno
1168 4382 1235 4436 Chio
1257 4384 1393 4449 tribuunt,
1420 4401 1455 4437 ne
1481 4385 1590 4437 nomine
1614 4394 1707 4437 auctor
1734 4395 1822 4439 carcat

201 4461 305 4514 Πάντων
319 4459 513 4530 ἂναγκαιθτατον
536 4460 591 4513 κτλ.
621 4461 766 4531 Quomodo
784 4461 863 4514 verba
881 4459 988 4532 εὐτυχῶς
1032 4464 1077 4531 (ν.
1092 4461 1208 4531 Prolegg.
1216 4465 1237 4530 ).
1249 4464 1348 4515 Versus
1360 4464 1388 4515 in
1400 4462 1480 4516 codd.
1490 4463 1573 4517 Paris.
1586 4472 1612 4516 et
1623 4465 1686 4516 Vat.
1699 4479 1755 4514 non
1766 4462 1821 4516 dis·

199 4538 335 4611 Μαρκιανῷ
350 4539 403 4594 huc
419 4539 613 4604 aberraverint,
631 4551 657 4593 et
670 4540 735 4610 quid
748 4540 798 4594 sibi
812 4539 902 4607 velint,
916 4558 989 4594 nunc
1031 4541 1196 4609 tinguuntur.
1211 4543 1221 4611 ΙΙ
1233 4570 1269 4581 -
1278 4543 1305 4596 8.
1317 4539 1343 4594 ἐκ
1353 4543 1505 4613 ιτεριγράρως
1512 4541 1613 4606 codcx;
1623 4541 1819 4607 emMeinelrc,

199 4617 265 4670 nihil
277 4636 351 4684 mro,
366 4636 449 4690 quum
458 4617 491 4672 ad
501 4619 645 4692 periegesin
658 4619 724 4672 nihil
736 4622 867 4691 pertinere
880 4637 987 4690 persua·
1031 4619 1131 4674 addens
1144 4620 1260 4674 dubitari
1274 4630 1362 4674 tamen
1375 4640 1451 4693 posse
1462 4640 1496 4676 an
1509 4622 1648 4693 participio
1667 4614 1695 4674 εδ
1708 4625 1821 4691 τεριγρά.

200 4713 258 4748 sum
268 4698 311 4750 sit.
332 4701 363 4750 In
374 4699 525 4769 apographo
538 4708 627 4751 autem
636 4699 787 4767 Vaticano(
800 4698 845 4752 lul.
858 4702 921 4763 246,
934 4701 987 4768 R.)
1031 4718 1083 4770 ρων
1097 4700 1210 4770 scriptor
1227 4717 1290 4752 usus
1305 4701 1338 4752 sit
1353 4711 1381 4753 et
1395 4718 1474 4754 versu
1487 4717 1519 4754 ιο
1529 4717 1579 4772 pro
1590 4700 1698 4772 παρέξων
1716 4711 1822 4770 praestet

199 4773 290 4827 titulus
312 4793 345 4827 ex
363 4776 394 4828 iis
413 4777 516 4830 effictus
537 4787 577 4830 est
598 4777 713 4830 miniatis
731 4776 812 4830 literis
829 4776 985 4832 distinctus:
1031 4777 1142 4850 παρέξον.
1158 4809 1195 4819 -
1207 4779 1217 4848 ΙΙ
1231 4797 1258 4848 9.
1270 4775 1316 4843 τὴν
1328 4778 1496 4850 εθχαριστείαν
1510 4780 1583 4843 cod.;
1593 4798 1646 4833 ern.
1659 4778 1791 4834 Meincke.
1806 4783 1816 4851 ΙΙ

200 4853 384 4923 Μαρκιανοθ
407 4853 665 4926 Ἥρακλειιθτου,
681 4873 761 4928 quem
781 4856 844 4910 hinc
867 4858 1001 4928 repetivit·
1030 4857 1816 4928 —16.8'dqupueod.-llaa.ouvttalsthdr:hcod.;em.

198 4933 320 5006 princeps
333 4931 419 4986 editor
434 4934 560 4988 Hoeschel.
573 4935 675 4989 Nomen
692 4947 776 5008 poetae
790 4936 875 4991 scriba
888 4935 987 4991 codicis
1032 4939 1202 4991 Letronnius.
1215 4937 1307 4991 Sermo
1320 4948 1360 4990 est
1375 4937 1410 4990 de
1421 4937 1594 5010 Apollodoro.
1611 4939 1622 5007 ΙΙ
1635 4967 1672 4979 -
1683 4942 1727 4990 α6.
1751 4962 1762 4982 ι
1776 4942 1819 4992 An

190 5013 308 5066 'Parisiui
326 5029 374 5083 pro
390 5029 464 5064 more
481 5030 530 5065 suo
548 5013 594 5066 lini
614 5015 700 5086 operis
712 5015 902 5087 subscripserat
916 5033 988 5070 nuuc
1032 5014 1226 5089 ἐκτομισμοθςθι
1236 5016 1319 5071 Mein.
1329 5016 1618 5089 ΙΙ-ο7.στρατίαςοοιί.
1628 5018 1821 5087 ΙΙ-3ι.στρα-

198 5090 346 5160 deperdito.
356 5090 448 5162 Expiet
462 5093 599 5162 periegesis
608 5093 636 5146 in
648 5093 739 5148 codice
751 5095 871 5148 Parisino
881 5096 987 5167 paginas
1031 5093 1357 5166 τείας]ἔτανόδουςοοιιγ’.
1370 5096 1505 5168 lleynead
1515 5096 1668 5169 Apollodor.
1679 5098 1702 5161 1,
1711 5113 1739 5167 p.
1751 5100 1817 5159 issi:
1881 5098 1882 5101 ’

199 5170 288 5238 viginti
303 5175 354 5242 (p.
379 5173 507 5236 rn5·rll‚;
531 5173 557 5224 in
577 5189 668 5244 apogr.
683 5175 745 5228 Vat.
768 5173 811 5228 sol.
828 5179 879 5240 246
896 5182 928 5232 R.
952 5212 987 5222 -
1021 5175 1094 5243 lort,
1120 5175 1170 5244 leg.
1191 5174 1269 5247 φυγὰς
1286 5180 1443 5251 στρατηγῶν,
1453 5176 1552 5232 ..exilia
1567 5187 1721 5248 partorum,
1744 5176 1815 5246 conj.
