3775 5750
201 352 294 393 ικκνι
853 325 1156 387 PROLEGOMENA.

198 464 296 541 νήρης)
319 463 363 521 καί
382 462 468 528 σίλσος.
486 458 526 525 Ἱς
549 456 668 532 ποταμὸς
682 455 754 533 παρὰ
771 456 905 514 θάλασσαν
920 454 983 523 ἔξει·
1026 455 1174 515 «Ῥιπαίου
1195 457 1341 528 πέμπουσιν
1366 460 1414 515 ἀπ’
1437 457 1537 537 οὔρεος,
1566 452 1613 537 ᾗχι
1642 462 1771 535 μάλιστα,
1797 498 1807 517 .

200 583 251 617 σιν.
266 586 277 611 ν
290 554 383 617 'lietu
398 556 437 623 Ὶα
448 560 494 625 τῆς
506 554 513 633 (
523 553 568 611 καὶ
580 554 663 627 rtet)
682 550 812 623 Ἰταλίας,
825 554 859 617 ὡς
873 550 983 628 [tepeat
1026 552 1215 631 Ἐρατοσθένης
1235 553 1262 613 δὲ
1278 558 1286 629 l
1299 555 1393 613 Paris.
1408 555 1534 621 ὡσαύτως
1554 555 1745 634 Ἐρατοσθένης
1760 562 1768 637 γ
1785 566 1809 619 ἐν

199 656 225 711 ἐν
239 658 276 731 τῷ
294 652 317 731 β’
328 655 378 709 τῶν
393 650 539 709 Ἰταλικῶν.
552 675 564 699 α
580 646 656 706 Ἐπεί
666 644 693 703 δὲ
702 644 809 723 ἀφίκετο
821 648 857 711 εἰς
869 642 915 714 τὴν
929 648 984 703 llo·
1025 646 1104 725 τρίτῳ
1119 650 1310 727 Γεωγραφικῶν
1322 648 1460 727 ίξέρήμων
1472 650 1559 706 τύπων
1570 653 1633 730 ῥεῖν,
1641 654 1809 731 περιύοίλλειν
1870 679 1871 706 ι

200 749 335 806 σειδωνίαν
344 751 358 805 ὁ
368 746 515 825 Ἡρακλῆς·
530 742 586 803 ἔστι
600 742 626 800 δὲ
640 743 757 817 ποταμὸς
769 740 808 807 Ἷι
823 740 982 817 καλούμενος
1026 742 1053 799 δὲ
1068 748 1145 815 νῆσον
1160 744 1275 816 Πεύκην.
1290 773 1301 798 ο
1318 748 1360 803 λι]
1374 748 1435 804 haec
1448 748 1539 821 igitur
1550 751 1560 824 l
1570 749 1661 807 rerba
1673 750 1809 811 llleinekii

201 841 292 918 μέγας.
310 868 323 893 ν
347 840 380 897 ln
402 840 449 899 his
468 859 532 916 quae
552 839 680 915 Scymno
694 836 864 896 tribuuntur
876 836 983 905 rerba,
1025 844 1109 912 suot]
1131 842 1299 901 llolstenius
1321 845 1361 903 ita
1379 857 1588 902 commentatus
1614 859 1686 905 est:
1718 874 1731 899 α
1758 850 1811 907 llic

200 938 361 995 manifestis
386 936 487 993 solutae
505 934 647 991 orationis
667 932 799 1007 vestigiis
824 933 981 1009 impressa,
1030 961 1041 984 α
1066 935 1208 995 librorum
1219 938 1636 1018 ηυιιιεσυοήίντῇέκκαιδεκοίτῃ
1644 940 1705 1018 περὶ
1720 944 1811 1021 Εὐρώ-

201 1032 290 1089 nullis
301 1050 427 1106 uuquam
441 1028 701 1085 machiniselficies
716 1039 747 1083 υι
758 1026 982 1083 adtulerebilem
1030 1055 1042 1078 ο
1065 1030 1142 1109 της)
1169 1034 1324 1109 perspicue
1347 1034 1453 1105 salsus;
1479 1036 1669 1110 nequeenim
1689 1036 1810 1113 Scymni

201 1129 285 1185 metri
298 1128 422 1205 speciem
434 1136 625 1195 revocentur3
636 1136 664 1181 et
674 1136 769 1180 tamen
780 1123 919 1179 trimetris
929 1122 985 1183 ista
1031 1151 1043 1173 ο
1067 1124 1134 1183 Chii
1146 1126 1300 1205 περιήγησις
1310 1128 1341 1186 in
1352 1127 1445 1185 libros
1451 1128 1546 1185 divisa
1558 1129 1612 1186 suit
1622 1130 1686 1206 (⁰),
1699 1142 1810 1190 tantum

201 1221 637 1300 includerepraeterCramerum
646 1221 677 1277 iu
686 1222 863 1293 Descripti'on
875 1218 984 1285 ofAsr'u
1028 1246 1039 1267 ν
1061 1219 1142 1278 abest
1149 1233 1181 1279 nt
1192 1222 1229 1279 de
1239 1223 1301 1279 sola
1314 1222 1432 1300 Europa
1440 1222 1565 1280 sedecim
1578 1222 1672 1295 libros
1683 1228 1810 1303 scripse-

201 1328 270 1379 rm'rr.
284 1321 341 1377 vol.
354 1319 382 1377 ll
396 1341 428 1395 p.
451 1320 505 1389 327
519 1316 647 1399 instituit
665 1316 844 1386 Letronnus,
859 1335 984 1390 quorum
1031 1342 1042 1366 α
1067 1317 1122 1387 rit3
1134 1328 1212 1375 extat
1222 1316 1299 1375 enim
1312 1319 1437 1395 [etiami
1451 1319 1461 1395 l
1476 1339 1553 1376 nunc
1563 1339 1666 1393 magna
1675 1326 1810 1397 opusculi

201 1428 320 1473 conatus
332 1414 394 1471 noli
413 1430 545 1489 quaerere
557 1430 643 1487 qnam
665 1408 822 1467 infeliciter
833 1410 983 1479 cesserint,
1030 1434 1043 1459 α
1067 1428 1150 1487 pars,
1166 1431 1232 1487 quae
1244 1411 1383 1470 hacteuus
1394 1411 1449 1470 sub
1471 1412 1543 1469 falso
1562 1413 1703 1473 hlarciani
1718 1416 1811 1475 llera-

199 1508 284 1566 Sardi
300 1509 428 1579 venales,
445 1506 520 1564 alins
543 1506 601 1563 alio
627 1506 763 1579 nequior!
782 1506 819 1561 Αι
839 1516 985 1581 corruptae
1031 1528 1044 1555 α
1067 1504 1165 1561 σίτοισι
1177 1507 1295 1563 nomine
1307 1506 1432 1565 delituit.
1442 1506 1528 1575 Quod
1542 1505 1630 1583 hujus
1640 1508 1697 1566 loci
1712 1524 1811 1570 aucto·
1872 1523 1873 1526 ’

200 1604 267 1662 voci
291 1604 382 1680 εὐρίθη
407 1600 478 1678 quid
499 1601 599 1657 seciam
615 1618 673 1656 non
700 1598 808 1675 habeo,
828 1618 893 1675 quae
911 1599 985 1655 mihi
1030 1624 1042 1647 ο
1066 1598 1151 1655 ritate
1162 1613 1191 1655 et
1201 1599 1311 1657 indicio
1327 1602 1441 1677 primns
1455 1602 1586 1661 omnium
1607 1622 1679 1661 uero
1694 1610 1808 1665 auctori

201 1699 318 1775 quidem
338 1700 408 1756 olim
423 1716 458 1754 eo
477 1716 568 1773 nsque
589 1696 709 1753 molesta
730 1695 799 1767 luit,
811 1707 844 1753 ut
857 1714 919 1752 eam
933 1715 987 1771 pro
1029 1718 1041 1742 α
1064 1694 1211 1751 vindicavi
1233 1696 1355 1753 innotis
1376 1698 1449 1754 meis
1468 1695 1503 1753 ad
1519 1696 1719 1773 Porphyrium
1737 1702 1808 1777 lm).

201 1807 283 1869 parte
297 1794 354 1851 loci
378 1792 546 1868 Scymniani
569 1792 718 1860 haberem,
733 1787 823 1868 ἔχεται
845 1791 987 1847 antemio
1029 1812 1041 1837 α
1066 1787 1099 1844 ln
1117 1788 1166 1846 hlS
1186 1790 1279 1847 suerat
1298 1793 1325 1847 ἐν
1348 1793 1401 1857 τοῖς
1415 1790 1476 1868 περὶ
1493 1791 1641 1869 Εὐρώπης,
1655 1795 1735 1852 sicut
1747 1818 1811 1874 pag.

202 1886 344 1953 Ἑκαταῖος
364 1888 532 1945 mutandum
558 1886 771 1959 existimarem,
789 1884 873 1961 cujus
889 1884 987 1960 conje·
1029 1907 1040 1932 ο
1064 1883 1240 1958 praecedenti
1262 1885 1289 1941 ἐν
1305 1885 1357 1949 τοῖς
1380 1885 1441 1962 περὶ
1466 1884 1552 1950 Ἀσίας
1573 1886 1647 1946 idem
1666 1889 1811 1967 Scymnus

203 1996 291 2041 cturae
300 1982 383 2045 fidem
397 1982 469 2039 rmhi
482 1983 575 2039 lacere
586 1979 740 2038 videbatru·
752 1979 880 2037 ionicum
890 1976 987 2056 Ἥρης.
1030 2003 1041 2027 ο
1066 1977 1199 2035 laudatur
1210 1978 1259 2056 [ad
1275 1980 1323 2052 lV,
1333 2002 1389 2052 277
1401 2002 1407 2035 :
1421 1978 1488 2040 Ὅτι
1505 1981 1533 2037 δὲ
1547 1982 1696 2056 Αἰγυπτίων
1708 1987 1776 2043 είσὶν
1788 1992 1811 2045 ol

204 2084 240 2136 llt
252 2079 323 2156 quid
336 2077 457 2155 impedit
469 2077 626 2154 quominus
640 2076 797 2152 Scymnnm
807 2075 903 2132 ionice
917 2078 987 2132 scri·
1030 2100 1041 2125 τ
1067 2074 1166 2153 Κόλχοι
1181 2075 1295 2147 ἄποικοι,
1309 2076 1356 2134 καὶ
1366 2076 1487 2153 Σκύμνος
1496 2080 1522 2134 ἐν
1535 2086 1587 2143 τοῖς
1600 2080 1661 2158 περὶ
1673 2080 1763 2149 Ἀσίας
1774 2085 1812 2141 λέ·

203 2178 295 2253 psissc
304 2176 523 2235 existimemus?
537 2176 576 2231 ita
589 2164 743 2253 respondit
752 2174 823 2231 milri
837 2174 987 2231 consultus
1030 2196 1042 2220 α
1066 2170 1137 2247 γει]
1150 2170 1220 2228 lude
1234 2172 1364 2250 imperiti
1382 2172 1498 2229 librarii
1515 2173 1606 2232 secere
1627 2177 1654 2231 ἐν
1673 2180 1706 2251 τῇ
1724 2202 1746 2243 ις
1760 2200 1811 2256 pro

202 2274 239 2330 de
254 2272 444 2330 llerodianeis
461 2270 621 2329 llerodiani
645 2273 758 2329 futurus
772 2271 880 2339 editor,
894 2270 988 2327 Lehr·
1030 2290 1042 2315 ν
1066 2265 1093 2321 ἓν
1112 2274 1174 2331 τοῖς·
1190 2266 1276 2335 Quod
1292 2267 1398 2325 deinde
1419 2288 1490 2325 voce
1509 2288 1636 2345 expansa
1655 2272 1768 2331 editum
1787 2277 1811 2331 ἐν

204 2367 319 2445 sinor),
334 2367 420 2425 simul
436 2386 472 2423 ex
488 2367 544 2424 hoc
555 2369 620 2444 ipso
636 2366 700 2423 loco
726 2364 806 2423 sede
820 2365 989 2422 diversitate
1030 2386 1042 2411 ν
1066 2362 1293 2441 τῇέκκαιδεκτίτη.
1304 2363 1404 2439 Neque
1415 2366 1511 2422 miuus
1523 2379 1812 2448 corruptasuntquae

203 2464 322 2539 Scymni
349 2477 378 2521 et
405 2464 560 2541 scriptoris
581 2463 768 2537 Perlegeseos
792 2461 988 2537 conjecturam
1030 2457 1287 2533 «,exScymn0de
1304 2458 1372 2515 lstri
1388 2460 1593 2530 cursualler13
1610 2482 1746 2540 narupro
1762 2470 1811 2524 illo

204 2559 315 2635 cepisse
328 2557 480 2634 adjiciens.
490 2557 547 2626 Qui
563 2558 643 2633 quod
653 2558 688 2615 de
701 2556 825 2615 dialecto
837 2557 988 2633 Scymnia·
1031 2576 1042 2601 α
1067 2550 1119 2607 οίπύ
1131 2551 1229 2629 ἐρήμου
1243 2552 1365 2630 φέρεσθαι
1374 2553 1417 2610 τύν
1430 2550 1544 2632 Ἴστρον,
1556 2556 1747 2619 scribendiun
1762 2564 1812 2617 ἀπὸ

205 2654 234 2709 ni
248 2654 347 2730 operis
357 2652 535 2728 conjicit‚id
547 2665 632 2711 erunt
646 2653 824 2728 sortasscqui
838 2672 891 2710 usu
907 2653 990 2711 vocis
1031 2672 1042 2695 ν
1067 2645 1189 2724 ἑσπέραν.
1220 2646 1305 2716 Quod
1338 2650 1488 2723 sequentia
1518 2650 1690 2711 Callimachi
1723 2658 1812 2713 rerba

205 2744 344 2823 σαυρωτήρ
360 2747 432 2803 mihi
458 2746 576 2822 quidem
602 2748 660 2803 nisi
683 2748 759 2823 apud
784 2752 942 2804 llomeruor
961 2762 990 2805 et
1031 2768 1043 2793 ο
1067 2744 1213 2815 evincunt,
1226 2764 1290 2820 qnae
1306 2744 1441 2820 llhipaeos
1456 2759 1568 2804 montes
1586 2748 1622 2805 ad
1643 2764 1744 2808 ortum
1760 2774 1810 2829 po·

206 2840 383 2900 llerodotum
407 2861 548 2918 nusquam
572 2842 668 2912 lectae,
691 2842 858 2900 confirmari
876 2856 988 2921 putent.
1031 2865 1044 2890 ο
1068 2852 1152 2911 nunt,
1181 2853 1283 2898 contra
1310 2860 1343 2898 ac
1368 2839 1528 2917 Scymnus,
1551 2841 1635 2920 cujus
1663 2846 1726 2904 hac
1748 2863 1812 2906 suut

209 2937 357 2997 ΕΥΡΕΘΙΙ
373 2949 466 2994 autem
490 2956 527 2994 ex
553 2938 675 2996 ΕΥΡΟΝ
697 2950 865 3014 corruptum
894 2938 989 2995 rideri
1031 2961 1043 2984 ο
1069 2934 1159 2992 verba
1172 2936 1208 2992 de
1221 2935 1295 2993 lstro
1306 2957 1313 2991 z
1326 2936 1483 3013 κατέρχεται
1497 2935 1550 2994 ἀπὸ
1562 2941 1613 2994 τῶν
1626 2942 1757 3018 ἑσπερίων
1771 2945 1812 3000 το’-

206 3045 310 3110 potest,
322 3048 353 3092 ιιι
368 3034 549 3094 llerodiauns
564 3035 733 3110 scripserit:
754 3032 822 3090 οὕτω
836 3033 880 3090 καὶ
892 3033 990 3110 [παρὰ]
1031 3057 1044 3081 α
1067 3053 1136 3088 πων.
1164 3059 1177 3082 ν
1202 3031 1246 3088 nd
1280 3045 1425 3108 postrema
1446 3035 1525 3108 quod
1550 3036 1666 3104 attinet,
1690 3038 1729 3096 de
1747 3039 1810 3098 lstri

208 3129 323 3207 Σκύμνιρ
338 3131 363 3186 ἐν
380 3133 417 3206 τῷ
430 3132 476 3198 τῆς
497 3128 583 3194 Ἀσίας
603 3129 724 3208 περίπλῳ
738 3119 821 3205 εὗρον,
837 3129 893 3186 nisi
907 3131 991 3187 malis
1029 3149 1115 3186 cursu
1128 3149 1197 3204 quer,
1217 3130 1248 3186 in
1269 3129 1413 3204 Periegesi
1436 3129 1513 3186 dicta
1526 3145 1626 3200 erant,
1643 3132 1690 3191 liis
1713 3137 1814 3193 verbis

206 3224 284 3300 qnod
310 3225 558 3302 simplicissirmnn
581 3237 638 3294 est,
664 3223 731 3280 ούτω
757 3223 802 3280 καὶ
824 3223 989 3296 Σκύμνος
1029 3229 1190 3304 perscripta
1203 3227 1438 3284 servavitauctor
1449 3226 1559 3303 Peripli
1572 3249 1579 3282 ι
1593 3219 1678 3292 Οὗτος
1689 3227 1812 3307 θῚστρος

206 3312 287 3400 τθρεν,
300 3322 377 3398 quod
393 3323 464 3399 quin
477 3319 991 3398 rectcitadicipossitnondnbitan-
1028 3322 1145 3396 ποταμὸς
1168 3321 1324 3400 κατέρχεται
1347 3319 1400 3378 ἀπὸ
1421 3323 1472 3378 τῶν
1495 3321 1622 3396 ἑσπερίων
1647 3324 1746 3396 τόπων,
1767 3325 1811 3394 τήν

205 3417 272 3473 (lum
290 3417 421 3488 videtur-3
436 3415 537 3495 εἴρηκαν
549 3430 654 3486 autem,
669 3417 747 3492 quod
760 3416 928 3492 Cramerus,
943 3417 990 3473 vel
1029 3416 1139 3486 ἐκύαλλμ
1156 3417 1234 3474 πέντε
1249 3415 1363 3488 στόμασι
1373 3415 1538 3490 ποιούμενος,
1552 3416 1611 3473 δυσὶ
1627 3421 1811 3496 περισχιζύμε-

206 3512 316 3588 εὐρόθεν,
330 3511 408 3588 qnod
422 3509 584 3569 Lelmnum
595 3511 728 3587 conjecit,
742 3511 894 3587 rejiculum
907 3525 959 3569 est.
975 3540 987 3563 ν
1028 3534 1069 3576 νος
1082 3511 1128 3568 καί
1144 3513 1179 3577 εἷς
1194 3511 1237 3568 τὸν
1253 3511 1354 3588 Ἀδρίαν
1369 3513 1414 3590 pei
1427 3511 1556 3579 Quorum
1569 3513 1681 3588 priora,
1695 3534 1762 3589 qnae
1772 3537 1810 3572 rs

253 3625 315 3664 rao.
327 3606 465 3682 Superest
475 3606 724 3664 locnssclroliastae
735 3607 770 3663 ed
786 3607 883 3683 llpoll.
898 3605 990 3666 llhod.
1031 3616 1086 3680 774
1107 3609 1149 3666 sic
1162 3608 1259 3666 edidi:
1277 3609 1320 3683 ἄρ’
1335 3605 1463 3680 ἑσπερίων
1485 3606 1562 3682 μόνος
1587 3607 1748 3686 κατέρχεται
1773 3634 1812 3666 το·

209 3699 256 3774 tv,
277 3703 333 3766 281,
352 3721 359 3755 ι
375 3702 399 3758 Τ
401 3700 428 3756 ὸν
451 3697 555 3779 Ἴστρον
578 3699 676 3779 φησὶν(
691 3721 728 3758 sc.
754 3699 926 3765 Ἀπολλώνιος
941 3700 949 3779 l
963 3703 993 3758 ἐκ
1028 3727 1093 3774 πων,
1108 3719 1177 3776 etc,
1196 3725 1273 3762 nunc
1289 3705 1330 3761 ita
1343 3703 1514 3778 corrigenda
1526 3703 1675 3762 arbitror:

206 3799 259 3851 τῶν
285 3794 468 3874 Ὑπερθορέων
496 3796 689 3874 καταφέρεσθαι
714 3797 760 3854 καλ
786 3801 837 3856 τῶν
863 3797 992 3856 Ῥιπαίων
1067 3799 1203 3878 κατέρχετ1
1216 3798 1268 3855 ἀπὸ
1280 3801 1331 3855 τῶν
1347 3797 1473 3875 ἑσπερίων
1488 3789 1561 3863 οὗτος
1575 3799 1671 3868 τόπων,

207 3895 321 3970 ὀρῶν,...
349 3891 484 3968 γινόμενον
509 3890 536 3950 δὲ
558 3891 653 3966 μεταξύ
677 3895 784 3950 Σκυθῶν
808 3892 852 3952 καί
876 3895 991 3973 Θρᾳκῶν
1068 3897 1114 3963 τὴν
1129 3893 1240 3963 ίκύολλν
1253 3892 1331 3950 πέντε
1342 3892 1455 3968 στόμασι
1468 3893 1629 3968 ποιούμενος.

208 3989 358 4066 σχίζεσθαι·
383 3987 476 4045 καὶτὸ
497 3987 543 4064 μέν
563 3990 598 4053 είς
618 3986 666 4059 τήν
691 3991 749 4046 καθΙ
765 3993 835 4063 ἡμᾶς
857 3989 991 4046 θάλασσαν
1030 3988 1812 4066 llaecigiturllolsteniuseumScymnianisapudsrlro·

208 4085 345 4143 ἐκύύλλειν
368 4088 476 4164 ῥεῖθρον,
493 4085 521 4142 τὸ
545 4083 571 4142 δὲ
588 4087 623 4151 εἷς
637 4081 685 4154 τήν
707 4083 838 4155 Ποντικήν
855 4085 991 4142 θάλασσαν
1029 4087 1141 4144 liastam
1154 4086 1195 4141 ita
1206 4084 1363 4140 conciliare
1372 4095 1492 4140 conatus
1501 4095 1555 4154 est,
1565 4096 1597 4140 ιιι
1613 4103 1668 4158 pro
1683 4084 1737 4142 ἀπὸ
1755 4085 1812 4163 ι’ρή·

206 4181 352 4257 ἐκπίπτειν,
369 4181 398 4240 τὸ
412 4181 438 4238 δὲ
461 4182 495 4244 εἷς
516 4181 559 4239 τὸν
572 4180 731 4260 Ἀδριατικὸν
744 4181 849 4241 κόλπον.
871 4182 992 4256 Σκύμνος
1030 4206 1079 4258 μου
1114 4180 1302 4240 scribendum
1336 4199 1398 4238 esse
1423 4178 1581 4255 conjiceret
1609 4179 1661 4235 ἀπὸ
1685 4181 1811 4258 ίσπέροο;

142 4291 146 4300 “
207 4281 272 4338 δὲέν
287 4277 502 4358 τῇέκκαιδεκείτη
518 4277 577 4354 περὶ
599 4277 745 4356 Εὐρώπης(
761 4279 854 4338 Paris.
871 4279 990 4357 ἐντῇις’
1029 4298 1149 4354 euinque
1173 4275 1404 4333 emendationem
1424 4275 1509 4331 etiam
1531 4273 1723 4331 necessariam
1752 4296 1813 4332 osse

207 4380 257 4434 τῶν
278 4376 338 4454 περὶ
361 4371 514 4452 Εὐρώπης)
533 4373 611 4431 αὐτὸν
634 4373 711 4448 μόνον
734 4373 813 4453 φησὶν
1047 4376 1172 4432 xistimat
1182 4385 1302 4451 propter
1315 4370 1486 4428 Callimachi
1502 4371 1701 4427 testimoninm
1713 4373 1812 4429 ‹lesitu

208 4471 323 4546 (l‘aris.
340 4472 393 4529 ἀπὸ
418 4471 523 4550 ἐρήμων
544 4468 651 4546 τόπων)
668 4469 790 4548 φέρεσθαι
815 4469 859 4528 τὸν
875 4469 988 4548 Ἴστρον.
1029 4470 1171 4526 muntium
1189 4466 1386 4543 llhipaeorum.
1405 4466 1491 4541 anpii
1508 4465 1679 4522 Callimachi
1694 4486 1811 4524 versum

207 4563 316 4622 Ῥίπαια
332 4564 358 4622 δέ
379 4565 426 4644 ὐρη
456 4567 483 4623 ἐν
498 4573 554 4632 ταῖς
573 4565 725 4638 ἀνατολαῖς,
746 4569 781 4630 ὡς
797 4566 988 4643 Καλλίμαχος·
1029 4565 1140 4623 scholia
1150 4563 1285 4620 Parisino
1299 4581 1357 4618 non
1373 4561 1483 4617 coloro
1497 4559 1619 4635 habent,
1633 4581 1693 4636 quo
1709 4561 1738 4617 in
1748 4561 1813 4616 edi-

239 4749 272 4810 t')
291 4749 401 4800 lelrrslus
417 4750 440 4798 iu
461 4750 564 4800 editione
579 4751 706 4801 herodiani
730 4753 896 4813 (Regionum.
913 4755 971 4802 title
988 4765 1011 4811 p.
1024 4755 1050 4802 ot
1063 4753 1071 4814 )
1086 4751 1160 4811 legit:
1180 4749 1250 4798 Οὕτω
1269 4749 1308 4796 καὶ
1326 4748 1428 4809 Σκύμνος
1445 4749 1469 4794 ἐν
1483 4753 1517 4808 τῷ
1530 4751 1544 4794 ι·
1556 4751 1595 4805 τῆς
1615 4745 1692 4803 ’.ισίας
1710 4747 1814 4808 περίπλῳ

207 4823 295 4883 παρέθ
304 4836 360 4867 ετο.
377 4839 388 4860 ο
400 4821 496 4881 Ἐχεται
507 4824 557 4870 κτλ.
569 4823 634 4870 ldrm
649 4823 742 4871 confert
757 4822 906 4870 Eirslnlhium
923 4821 953 4869 nd
966 4823 1036 4869 llmn.
1050 4835 1073 4880 p.
1087 4826 1142 4878 877,
1153 4820 1193 4866 ulii
1208 4819 1277 4865 hac:
1290 4820 1344 4866 Ὀτι
1357 4820 1381 4865 δὲ
1397 4820 1430 4873 'lt
1440 4821 1480 4865 καὶ
1495 4817 1570 4877 ὄνομά
1585 4818 1634 4865 ἐστι
1647 4824 1771 4876 ποταμοῦ,
1784 4821 1813 4867 ιὶνς

206 4895 244 4938 καὶ
256 4891 380 4952 ἸΙρόὸοτος
392 4891 421 4948 (Ι,
440 4894 493 4948 rte,
509 4892 579 4940 ubils
593 4893 730 4953 Bahyloolre
744 4892 833 4940 llrrrr'us
845 4895 993 4939 memorator
1005 4892 1013 4950 )
1026 4889 1074 4937 οἶδε
1087 4891 1128 4939 καί
1137 4908 1171 4945 τις
1189 4891 1213 4936 δὲ
1223 4891 1302 4943 ίΙύλαξ
1316 4889 1410 4948 (ινύλαξ
1429 4893 1507 4949 Elym.
1522 4887 1625 4936 Gudian.
1640 4901 1664 4935 ν,
1677 4889 1710 4934 Ἰν
1723 4901 1746 4947 p.
1761 4892 1810 4943 rte

207 4961 248 5008 uhi
258 4963 341 5009 cadem
353 4963 448 5008 exstant
459 4963 467 5021 l
480 4963 608 5022 ἱστορικὸς,
621 4965 844 5024 παρεοημειώσαντο
863 4966 885 5010 οἱ
903 4963 1015 5023 τεχνικοί.
1033 4963 1061 5009 ln
1074 4962 1181 5010 hisnem
1204 4961 1308 5020 Σκύμνος
1321 4961 1449 5008 llrrodieni
1466 4962 1489 5007 iu
1504 4959 1607 5018 Σκύλαξ,
1627 4959 1682 5008 dein
1696 4959 1719 5006 in
1736 4959 1815 5010 Φύλαξ

207 5031 351 5092 depravatus
364 5032 405 5092 sit,
421 5045 451 5080 an
466 5032 527 5078 alius
538 5033 659 5094 scriptoris
672 5049 758 5082 nomen
769 5035 850 5092 latrat,
866 5033 968 5091 Σκύλαξ,
979 5033 1074 5090 Φιλέας,
1085 5033 1219 5093 Φύλαρχος,
1230 5043 1315 5092 parum
1328 5031 1411 5090 liquet.

238 5109 286 5170 (“)
300 5131 311 5152 ν
321 5110 393 5171 Atqui
406 5111 551 5171 ttSlepltano
566 5115 621 5172 llyr.
632 5125 650 5157 s.
664 5125 686 5158 r.
697 5114 772 5174 Πάρος
784 5112 893 5160 landatur
907 5114 1009 5172 Σκύμνος
1019 5113 1032 5158 ὁ
1042 5113 1097 5164 λ’ῐος
1107 5110 1130 5156 ἐν
1138 5111 1223 5171 πρώτῳ
1235 5111 1400 5169 περιηγήσεως.
1413 5127 1425 5148 ν

239 5189 297 5248 (ml
312 5209 322 5228 ο
337 5191 378 5238 llis
390 5191 468 5238 rrrlris
482 5190 592 5238 l'ossiuur
605 5205 700 5251 rorpcrr
714 5193 816 5249 ridetur,
827 5185 844 5237 «ι’
852 5205 900 5250 qno
916 5192 1004 5238 iuri-ull
1018 5192 1053 5237 sui
1070 5189 1221 5238 imminuunt
1235 5194 1378 5251 prereptum
1389 5188 1547 5236 rnislimalnl.
1565 5210 1574 5226 ··
