3775 5750
209 311 227 350 ο
867 287 1169 347 ruoueuourju'rt.

209 440 313 480 trevere
331 425 443 478 uibratur
462 441 551 485 utare,
581 418 678 490 Africo
703 421 746 473 rel
770 433 870 476 certatio.
887 419 989 474 Noster
1036 417 1070 470 ad
1086 437 1170 490 quem
1185 417 1324 491 upsiauus
1334 413 1408 490 lapis
1423 413 1577 490 reperitur,
1591 426 1656 490 post
1677 414 1733 470 alia
1745 435 1809 490 qua-

208 534 349 578 ruemorat
374 538 443 577 sane
462 516 638 593 Nelcyndam
658 517 821 592 emporium
842 529 870 572 et
890 516 989 572 llarari
1036 523 1080 566 ter
1097 510 1177 566 mille
1201 510 1293 566 stadia
1315 509 1528 566 deducimurad
1542 505 1574 564 τὰ
1597 507 1678 586 πέραν
1702 509 1811 586 ἐμπόρια

208 621 279 694 (ηοη
287 619 422 692 Becaren)
436 619 532 672 vicum
544 627 573 670 et
585 613 763 670 Pandionem
778 613 808 669 in
822 612 990 669 nuditer-ra-
1037 603 1198 673 llarbariae,
1222 605 1370 673 dualiten,
1388 603 1495 676 hlalao,
1511 603 1631 673 blundo,
1648 603 1813 680 hlosylltun,

208 714 272 768 ueis
292 711 441 785 degentem
463 729 516 766 nec
538 727 596 765 ηοη
617 708 702 784 piper
715 705 949 779 Cottonarieum,
963 719 992 762 at
1039 715 1104 778 post
1116 721 1181 778 quae
1197 700 1629 776 occurruntNiloptolemaeum,
1646 699 1742 772 Gaza,
1756 700 1814 756 tite-

209 806 283 864 uihil
295 804 381 862 habet
390 805 517 878 degente
528 801 702 877 Neacyndon
711 843 719 870 ,
728 801 764 858 de
775 800 894 857 hlarlura
904 799 988 868 urbe,
1037 796 1108 873 phas
1119 797 1351 873 promontorium
1362 839 1370 870 ,
1383 797 1551 852 Arotrtatum
1566 811 1661 872 prom.
1678 809 1706 852 et
1718 815 1814 871 empo-

208 913 237 956 et
253 919 318 975 quae
335 897 472 974 deinceps
481 898 518 954 de
539 896 737 970 navigationis
755 908 886 972 tempore
912 896 990 972 apud
1036 892 1130 962 rium,
1152 890 1240 948 'l'abae
1252 910 1360 967 prona,
1377 892 1481 969 Opone
1497 891 1670 967 emporium.
1686 889 1815 965 Sequun-

209 991 338 1050 Pliuium
353 993 496 1066 leguntur.
508 990 574 1047 llaec
585 991 676 1064 igitur
688 990 728 1046 ita
737 1001 804 1047 suut
812 1003 989 1067 comparata,
1038 999 1085 1043 tur
1104 987 1222 1044 Azania·
1241 988 1380 1062 Apocopa
1393 1003 1497 1059 magna
1520 997 1549 1040 et
1571 1003 1676 1062 parva,
1694 1003 1815 1060 parrum

208 1101 240 1146 ut
260 1089 314 1146 ista
335 1086 371 1145 de
388 1086 486 1143 Plinio
500 1105 517 1142 e
541 1085 656 1162 periplo
674 1097 775 1142 nostro
794 1105 847 1142 sua
861 1097 990 1143 mutuato
1037 1094 1065 1138 et
1080 1101 1213 1156 magnum
1225 1082 1306 1154 litus,
1322 1095 1431 1159 septem
1443 1081 1557 1138 Azaniae
1572 1069 1678 1158 ipo'pot,
1693 1100 1815 1157 quorum

207 1182 349 1241 sententia
375 1200 411 1238 ue
429 1195 499 1238 ωηο
512 1180 630 1256 quidem
655 1179 833 1236 admittenda
855 1179 944 1250 soret,
966 1181 990 1238 si
1037 1175 1817 1254 prioresduoSerapionisetNiconisdicuntur,deiude

207 1275 324 1334 aliunde
347 1287 458 1332 aetatem
481 1273 579 1332 Nostri
600 1273 724 1330 definire
748 1293 807 1330 non
830 1274 931 1332 liceret
943 1273 990 1354 Γ).
1038 1273 1168 1349 Pyr-alate
1180 1274 1294 1343 insula,
1308 1272 1470 1332 hlenuthias
1483 1272 1590 1342 insula,
1606 1271 1733 1348 denique
1746 1270 1816 1328 itha·

207 1372 340 1440 Quonam
355 1370 434 1428 sonte
446 1369 562 1426 Plinius
573 1388 643 1427 usus
653 1369 886 1445 sit,nonliquet.
902 1369 993 1426 ludex
1038 1381 1086 1444 pta
1108 1369 1221 1426 hrauiae
1242 1369 1404 1445 emporium
1428 1368 1575 1426 ultimum.
1595 1366 1664 1424 Post
1691 1365 1751 1422 hac
1771 1385 1817 1422 ora

208 1478 358 1524 auctorum
375 1483 549 1539 gracorum,
563 1483 638 1541 quos
661 1465 692 1520 in
715 1463 792 1520 libro
807 1477 887 1521 serto
903 1464 993 1522 adlri-
1038 1483 1276 1523 versusoccasum
1289 1464 1401 1521 deflecti
1412 1463 1596 1520 etorientalis
1606 1481 1731 1520 oceanus
1739 1461 1818 1538 juxta

207 1561 320 1632 buerit,
354 1560 470 1618 nonnisi
491 1573 560 1618 uota
578 1561 698 1618 nomina
718 1559 843 1636 praebet,
868 1580 991 1636 quorum
1038 1561 1163 1618 australe
1173 1561 1326 1637 AEthiopiae
1338 1571 1365 1616 ct
1381 1559 1481 1634 Libyae
1495 1571 1523 1616 et
1542 1558 1646 1616 Africae
1663 1558 1734 1616 litus
1750 1560 1817 1614 mari

209 1656 322 1713 nullum
338 1654 374 1711 ad
389 1675 448 1712 rem
465 1669 593 1713 nostram
606 1657 752 1733 pertinere
773 1669 877 1734 potest.
892 1657 993 1715 Omni·
1038 1655 1160 1712 occiduo
1179 1656 1293 1712 misceri
1320 1652 1501 1732 perhibetur.
1535 1653 1677 1710 Hactenus
1697 1652 1733 1709 τὰ
1754 1651 1818 1716 δεξιὰ

210 1769 248 1805 ηο
268 1748 384 1805 Plinius
401 1767 467 1822 quae
484 1752 563 1823 apud
574 1755 711 1805 treminem
732 1756 856 1823 priorum
869 1753 992 1827 reperiri
1038 1747 1090 1806 ἀπὸ
1104 1748 1256 1828 Reperiam,
1269 1749 1299 1806 in
1314 1747 1423 1825 quibus
1437 1767 1502 1824 quae
1511 1760 1578 1805 sunt
1592 1766 1685 1823 usque
1698 1745 1735 1804 ad
1747 1747 1819 1824 Opo-

210 1843 293 1913 dicit‚
309 1862 368 1900 non
378 1862 395 1900 e
406 1843 522 1920 periplo
533 1843 632 1919 aliquo
641 1844 673 1900 in
695 1842 844 1918 publicum
856 1858 924 1903 tunc
935 1847 994 1904 edi·
1039 1863 1114 1920 nen,
1129 1845 1191 1923 ipse
1201 1844 1304 1901 Noster
1317 1843 1424 1901 adiisse
1440 1842 1573 1912 videtur;
1586 1843 1737 1918 lrucusque
1746 1845 1819 1900 enim

211 1953 241 1996 to
262 1938 417 2009 sumserit,
444 1939 494 1996 sed
514 1939 631 2016 privato
651 1941 826 1998 commercio
847 1945 994 2020 accepisse
1038 1939 1194 2017 descriptio
1206 1939 1404 2016 emporiorum
1425 1939 1588 1994 accuratior
1600 1949 1701 1994 testem
1719 1939 1819 1994 ocula-

209 2033 327 2092 videtur
347 2053 365 2090 a
377 2035 557 2108 negotiatore
566 2033 705 2110 quodam,
716 2036 767 2110 qui
783 2047 852 2093 ωηο
866 2039 897 2093 iu
909 2040 993 2096 navi·
1039 2049 1099 2094 tum
1115 2035 1229 2113 prodit,
1245 2047 1272 2092 et
1286 2035 1446 2110 hucusque,
1465 2053 1524 2090 nou
1537 2034 1604 2090 item
1626 2034 1656 2091 iu
1669 2033 1818 2102 ulteriora,

209 2129 265 2187 bus
290 2131 504 2204 sagittariorum
531 2149 619 2187 manu
646 2132 795 2188 instructis
813 2131 868 2206 (de
883 2153 942 2209 qua
964 2154 995 2192 re
1040 2149 1148 2188 merces
1172 2129 1320 2206 rh'gyptias
1343 2128 1493 2204 exportari
1515 2127 1656 2184 ridemus.
1678 2127 1819 2184 Nimirum

210 2225 284 2282 nihil
295 2223 371 2302 apud
388 2223 525 2282 Nostrum
542 2225 637 2299 legere
655 2228 713 2300 est)
730 2227 866 2284 stationes
880 2226 994 2288 ludit-as
1039 2225 1147 2282 Azania
1169 2222 1336 2302 pertinebat
1356 2221 1391 2280 ad
1418 2241 1538 2296 regnum
1561 2221 1745 2278 Citarihaelis
1765 2221 1818 2278 Sa-

211 2320 452 2397 srequentavit.—
461 2320 995 2382 Praeterlaudatosvirosdoctosnemi·
1039 2320 1168 2378 beorum
1180 2323 1266 2394 regis,
1276 2317 1313 2376 ah
1328 2338 1422 2394 eoque
1431 2317 1602 2375 demandata
1612 2331 1675 2374 erat
1688 2316 1820 2374 Chalatbo

211 2433 276 2470 nem
287 2415 357 2472 nori
367 2415 418 2491 qui
427 2414 589 2493 dataopera
598 2414 635 2471 de
644 2428 726 2472 aetate
739 2417 830 2474 nostri
843 2421 995 2495 scriptoris
1039 2404 1243 2492 blapharitidis
1272 2413 1402 2486 regionis
1431 2425 1555 2488 tyranno
1580 2412 1643 2469 sive
1670 2411 1819 2488 praesecto,

212 2509 410 2584 inquisiverit.
431 2509 488 2577 Qui
499 2508 590 2566 verbo
605 2528 667 2567 rem
681 2511 841 2584 attingunt,
856 2525 888 2568 ut
899 2512 994 2588 pluri·
1040 2510 1123 2586 cujus
1138 2511 1167 2567 iu
1181 2508 1697 2587 q›1·aelectur·ahluaenseseoumiercia
1713 2508 1822 2564 Azania

196 2591 288 2661 'rtrum
297 2604 429 2662 Salmasii
440 2604 486 2661 vel
494 2603 790 2662 l'inceutisententias
801 2605 925 2683 probant
938 2607 995 2683 (⁰).
1040 2626 1056 2662 a
1081 2625 1147 2682 rege
1170 2606 1360 2664 redemerant.
1386 2604 1486 2682 ltaque
1505 2605 1600 2663 Graeci
1632 2605 1822 2678 negotiatores

254 2701 539 2771 173.haounaruu
549 2701 658 2778 peripli
669 2701 880 2772 itadelineaho,
893 2717 923 2760 ut
933 2705 995 2780 pri·
1041 2705 1152 2762 Azaniae
1185 2717 1285 2782 portus
1318 2722 1375 2760 nou
1399 2703 1531 2759 solebant
1564 2701 1763 2777 frequentare,
1794 2721 1822 2756 ac

213 2814 291 2852 tuum
307 2794 514 2871 geographica,
529 2795 637 2853 deinde
657 2797 789 2872 nautica,
802 2810 862 2854 tum
886 2817 995 2876 eaquae
1041 2799 1143 2856 Noster
1157 2819 1209 2857 sua
1226 2802 1262 2856 ab
1275 2797 1420 2856 drabihus
1435 2799 1580 2875 accepisse
1599 2795 1726 2856 videtur.
1747 2797 1822 2854 Cete-

213 2890 387 2947 rommercia
409 2904 547 2965 spectent,
566 2892 669 2969 paucis
691 2892 944 2969 corripieltendam.
971 2898 994 2951 Α
1042 2916 1106 2953 rum
1134 2916 1198 2973 quae
1219 2897 1254 2954 de
1281 2896 1388 2953 Azania
1417 2896 1447 2951 in
1472 2896 1585 2972 periplo
1615 2895 1772 2969 leguntur,
1796 2898 1822 2951 iu

212 2987 367 3056 berenice,
410 2985 529 3065 ἐμπορίῳ
552 2984 778 3064 ἀποδεδιιγμένῳ,
807 2989 996 3064 proficiscens
1042 2992 1209 3049 universum
1234 3004 1309 3048 recte
1333 2990 1440 3047 habent
1469 2990 1638 3065 facilemque
1670 2990 1822 3047 admittunt

212 3093 397 3158 atretor‚post
403 3080 518 3137 brevem
529 3080 850 3157 lllyoshormi,alterius
856 3086 993 3161 emporii,
1041 3087 1279 3163 explicationem,
1293 3084 1361 3141 dum
1371 3084 1518 3143 Ptolemaei
1530 3084 1566 3142 de
1580 3084 1679 3142 eadem
1697 3104 1749 3142 ora
1761 3104 1821 3140 uar-

212 3175 538 3251 ¹¹¹Q¹¹¹l⁰¹¹0¹¹¹ipllffl¹¹m
560 3175 594 3231 τὰ
617 3174 707 3242 δεξιὰ
727 3174 792 3233 alul
816 3177 996 3253 Βερενίκης
1041 3186 1115 3242 ratio
1142 3184 1326 3241 vehementer
1363 3182 1484 3239 laborat.
1509 3180 1594 3239 Necte
1619 3180 1753 3238 fortassis
1779 3180 1822 3237 ille

212 3275 274 3328 sive
298 3270 440 3347 Libycum
468 3270 537 3328 litus
564 3270 705 3330 describit
731 3272 766 3348 (§
797 3273 898 3350 ι-ιὸ).
927 3274 997 3333 l'ost
1042 3292 1141 3337 contra
1154 3279 1296 3336 Marinum
1314 3282 1397 3353 (cum
1415 3296 1473 3353 quo
1492 3275 1596 3335 Noster
1612 3275 1696 3351 lacit)
1715 3288 1823 3333 conten·

211 3366 365 3443 AEgyptum
380 3366 470 3439 igitur
483 3384 563 3423 oram
588 3368 763 3424 maritimam
786 3366 995 3446 ichthyophagi
1041 3374 1083 3432 dit
1098 3394 1156 3431 nou
1173 3393 1235 3431 esse
1251 3374 1326 3429 iuter
1344 3390 1447 3445 magna
1469 3384 1497 3427 et
1512 3390 1603 3447 parva
1627 3372 1769 3448 hpocopa
1784 3370 1823 3426 di-

211 3460 333 3537 sparsim
349 3459 493 3528 incolunt,
507 3460 719 3519 mediterranea
732 3480 802 3519 vero
818 3461 937 3521 Barbari
955 3478 996 3523 te·
1041 3468 1245 3544 stinguenduut
1259 3470 1303 3543 (r.
1321 3480 1380 3523 not.
1401 3488 1430 3543 p.
1453 3468 1510 3522 268
1523 3470 1540 3542 l,
1559 3466 1609 3523 sed
1622 3486 1687 3541 quat
1706 3467 1781 3524 idem
1793 3465 1824 3519 dr

212 3567 292 3622 nent,
304 3572 379 3629 quos
389 3554 569 3629 Agriophagi
578 3567 606 3611 et
616 3553 821 3633 hloschophagi
836 3559 995 3635 excipiunt.
1042 3565 1155 3639 maguis
1173 3562 1287 3619 hzauiae
1310 3562 1448 3631 sinubus,
1465 3561 1516 3636 qui
1535 3560 1608 3617 nulli
1628 3574 1715 3635 suut,
1738 3561 1824 3635 deque

213 3648 609 3725 Sequiturahloschophagis
617 3651 653 3705 ad
667 3650 771 3708 alteros
784 3652 905 3709 Audita
916 3655 996 3713 siuns
1042 3678 1142 3717 eorum
1159 3659 1233 3717 serie
1245 3671 1272 3714 et
1287 3657 1323 3713 de
1336 3654 1531 3713 dlenuthiadis
1546 3656 1648 3713 iusulae
1659 3656 1721 3713 situ
1731 3655 1823 3718 habet,

214 3742 360 3801 Barbaros
383 3744 533 3818 pertinens
549 3763 669 3817 regnum
690 3746 924 3809 huaumitarnm.
953 3751 995 3807 lbi
1042 3774 1140 3811 arera
1152 3774 1210 3811 orae
1226 3754 1317 3827 ligura
1328 3751 1496 3826 longissime
1509 3749 1646 3806 recedunt
1659 3763 1686 3806 et
1704 3770 1741 3807 ex
1757 3752 1825 3806 male

214 3840 245 3897 iu
263 3858 315 3897 ora
328 3840 475 3898 maritima
488 3852 589 3917 quater
607 3840 689 3901 mille
712 3844 881 3903 allerenice
895 3848 996 3906 stadiis
1042 3849 1141 3905 tuixtis
1163 3846 1290 3905 sontibus
1306 3846 1427 3903 eonssata
1450 3844 1486 3901 ad
1512 3857 1638 3920 systema
1654 3845 1824 3921 geographi-

214 3938 348 3995 dissitum
367 3937 530 4014 emporium
544 3950 631 4015 portu
644 3958 762 4015 carens,
775 3941 931 4001 Ptolemais
942 3944 995 4001 l'e·
1042 3964 1124 4015 curn,
1147 3943 1302 4002 secundum
1326 3942 1404 4018 quod
1428 3941 1528 3999 ultima
1547 3940 1647 4017 Libyae
1667 3954 1737 3999 tunc
1757 3956 1825 3999 nota

214 4035 364 4093 nationum
376 4036 411 4109 (S
423 4036 457 4108 3)
468 4056 477 4103 ς
487 4033 590 4091 deiude
604 4048 671 4111 post
685 4035 743 4093 alia
757 4049 799 4094 ter
812 4038 893 4095 tuille
904 4042 996 4097 stadia
1042 4040 1243 4114 magisversus
1253 4037 1403 4095 meridiem
1416 4035 1703 4111 producendaerant,
1718 4056 1825 4093 accom-

214 4128 317 4186 dtlulis
331 4128 456 4205 ἐμπόριον
470 4127 580 4203 νόμιμον
603 4129 634 4185 iu
657 4130 723 4187 sinu
747 4134 892 4209 profundo
915 4138 994 4212 posi·
1043 4134 1157 4192 tuotlata
1177 4152 1239 4191 esse
1254 4131 1326 4189 urihi
1340 4130 1485 4187 ridentur.

216 4240 291 4295 tutu,
309 4227 339 4280 in
362 4222 473 4299 quode
493 4222 713 4281 mediterraneis
729 4245 781 4302 per
803 4227 945 4302 cymium
970 4247 996 4287 rt
1087 4240 1150 4299 ηις.
1170 4227 1202 4284 ln
1220 4228 1310 4283 altera
1330 4226 1436 4303 peripli
1456 4236 1537 4301 parte
1555 4225 1589 4298 (S
1615 4244 1650 4299 19
1672 4228 1765 4303 sqq.)
1792 4222 1825 4278 zi

214 4326 365 4378 Λιυιιιιιιοη
379 4332 408 4377 et
421 4318 532 4376 Coloen
542 4318 615 4377 ebur
625 4321 756 4382 conlluit.
769 4322 881 4381 Deinde
893 4338 998 4402 praeter
1043 4322 1196 4397 εὐώνυμα
1212 4320 1274 4377 ἀπὸ
1295 4320 1478 4397 Βερενίκης
1490 4337 1640 4396 exponens
1652 4332 1755 4377 auctor
1767 4319 1826 4395 pri-

215 4414 313 4470 Alalaei
330 4415 441 4471 insulas
456 4414 603 4490 aliumque
612 4417 706 4472 sinum
721 4418 992 4497 profundissimum,
1043 4439 1121 4477 nrum
1144 4430 1283 4475 memorat
1299 4416 1411 4475 leucen
1425 4435 1537 4485 comen,
1554 4414 1755 4473 Nabataeorum
1767 4435 1827 4492 pur·

244 4616 277 4675 (*)
295 4616 361 4665 idem
374 4617 576 4667 Sctiwanbechius
591 4620 674 4667 censet
686 4619 776 4681 periplo
787 4624 870 4669 nostro
886 4634 957 4671 usum
969 4636 1021 4671 esse
1040 4623 1205 4679 Ptolemaiou,
1221 4634 1265 4669 nce
1284 4633 1332 4669 non
1348 4622 1371 4669 in
1384 4619 1443 4667 Tab.
1464 4618 1645 4679 peutingeriana
1666 4618 1784 4666 nontiuiia
1801 4630 1826 4664 οι

212 4684 297 4733 unicui
310 4689 416 4735 assumta
427 4700 486 4736 me.
502 4690 563 4743 Quae
579 4688 603 4735 iu
619 4690 681 4736 bano
694 4690 836 4739 sententiam
850 4692 942 4749 attulit,
956 4706 1028 4753 quam
1045 4694 1092 4741 siut
1106 4691 1247 4749 ierideusia,
1262 4702 1309 4738 nou
1328 4704 1431 4751 expono.
1450 4688 1553 4737 Probent
1565 4689 1610 4736 ista
1629 4687 1680 4749 qui,
1701 4688 1721 4735 si
1735 4688 1828 4735 nomina

212 4754 324 4873 «irrumpa
338 4755 362 4804 iu
373 4756 468 4805 duobus
478 4758 634 4819 scriptoribus
650 4758 713 4806 irleut
724 4763 893 4820 argumentum
906 4763 1065 4812 tractantibus
1077 4762 1159 4811 cadem
1175 4765 1312 4820 occurrant,
1323 4762 1426 4809 aiterum
1439 4772 1483 4807 sua
1494 4757 1585 4808 debere
1596 4772 1626 4809 er
1643 4760 1720 4807 attero
1734 4757 1828 4805 «tusae

212 4836 297 4873 ιωιοη
311 4859 317 4870 .
985 4868 989 4877 ,

243 4894 290 4953 (··)
304 4896 333 4941 V.
344 4896 460 4943 hiannert.
472 4898 491 4955 1,
502 4910 524 4957 p.
544 4902 582 4946 131
599 4898 646 4957 (de
656 4912 705 4959 quo
714 4900 746 4946 cl.
757 4912 829 4961 supra
839 4914 862 4962 p.
874 4916 950 4951 xcrm
961 4909 1010 4952 not.
1023 4904 1042 4964 ),
1054 4904 1129 4951 Uiert
1145 4904 1232 4963 Gropr.
1245 4906 1263 4962 t,
1278 4916 1301 4963 p.
1313 4906 1372 4960 tom
1384 4902 1458 4950 Ritter
1468 4900 1520 4947 Ιοοο
1530 4912 1602 4960 supra
1613 4912 1636 4959 p.
1652 4910 1706 4945 terr
1721 4898 1828 4951 luntario,

213 4966 300 5026 ilrutry
317 4965 340 5013 iu
353 4965 436 5014 Ersclt
449 4978 475 5013 tt.
495 4968 621 5015 Grttler's
637 4971 732 5029 encrct.
749 4984 773 5017 r.
790 4972 871 5020 indieu
879 4986 902 5035 p.
913 4979 944 5021 9ο
956 4976 964 5035 (
976 4976 1017 5036 qui
1034 4974 1150 5035 peripium
1163 4974 1226 5020 circa
1236 4984 1275 5019 an.
1289 4978 1319 5018 οι)
1330 4985 1353 5032 p.
1367 4976 1393 5018 0.
1410 4971 1524 5030 scriptum
1537 4982 1587 5017 esse
1599 4972 1688 5017 censet.
1700 4970 1727 5030 );
1744 4972 1827 5016 Lasseu

213 5034 348 5083 zeitschrift
358 5035 397 5084 sur
408 5035 446 5083 die
456 5036 542 5085 Korde
552 5036 594 5084 des
606 5040 785 5099 Morgenlaudes
797 5044 838 5099 Ν,
852 5054 874 5101 p.
890 5048 940 5092 tet.
957 5048 1031 5092 Lttcas
1045 5043 1179 5091 ilolstrnius
1189 5043 1319 5102 inepistoia
1332 5042 1361 5088 ud
1376 5041 1517 5089 i'eiresoium
1530 5044 1536 5101 i
1547 5053 1570 5100 p.
1588 5044 1613 5087 tr
1628 5040 1651 5085 in
1665 5052 1703 5100 ep.
1721 5038 1828 5085 Parisiuis

214 5104 338 5222 ppeqiotii)
350 5105 380 5153 de
396 5108 478 5223 nostrp
489 5109 587 5157 auctore
602 5109 653 5157 haec
667 5111 737 5159 trahet
753 5132 759 5159 ι
776 5132 787 5153 κ
804 5114 904 5161 certam
920 5118 956 5163 est
970 5116 1042 5163 tuisse
1054 5116 1210 5163 uurmiorom
1227 5112 1413 5161 Alexandrinum
1437 5114 1564 5174 σύγχρονον
1583 5110 1675 5159 hiarino
1692 5106 1765 5169 Tyrio
1787 5110 1827 5154 aut

245 5188 345 5223 oeuuoo
357 5188 459 5238 geograp
469 5190 500 5225 ιο.
515 5198 525 5219 ι.
