3775 5750
740 376 923 438 ursionis
940 379 1082 440 INDICA.
1651 395 1703 446 361

108 508 169 585 οἱπερ
188 465 307 582 Πέρσαι,
329 501 370 561 δτι
390 503 436 562 καί
456 503 548 583 daupei
571 506 620 561 εἰσι
640 504 767 584 Πέρσησι·
785 506 831 563 καί
845 505 879 563 ad
923 525 1025 568 torum.
1064 516 1166 566 Vivunt
1186 516 1308 568 Carmani
1331 517 1467 568 Persarum
1489 533 1578 581 nrore;
1600 536 1661 571 narn
1683 530 1709 572 et

105 593 190 659 ε’ςτθν
214 591 327 668 πολεμον
348 591 473 658 ὡσαύτως
492 592 658 668 κοσμέονται.
701 594 735 668 (α)
760 592 879 652 Ἐνθένδε
923 601 1009 652 Persis
1021 599 1125 652 finitimi
1137 607 1213 662 sunt,
1228 597 1374 669 eodemque
1384 601 1462 652 etiam
1474 618 1609 654 annorum
1620 614 1645 655 et
1659 603 1711 656 hel-

105 683 206 758 ἄραντες
219 682 248 738 ix
262 683 309 750 τῆς
325 679 404 750 νήσου
417 683 465 750 τῆς
478 681 535 758 ἱρῆς
548 678 621 758 παρὰ
634 677 682 749 τὴν
696 679 813 758 Περσίδα
826 679 878 750 ἤδη
923 682 994 736 laudi
1006 701 1100 752 genere
1110 692 1232 735 utuntur.
1270 683 1310 751 (a)
1324 683 1412 736 Saluta
1424 684 1486 736 inde
1497 684 1585 751 classe,
1597 686 1710 740 Persidis

104 770 208 828 ἔπλωον
229 766 274 824 καί
296 766 456 842 κατάγονται
476 770 502 834 ἐς
515 763 590 827 Ἴλαν
610 769 710 846 χῶρον,
731 765 775 824 ἵνα
796 766 878 842 λιμὴν

81 878 91 913 a
104 855 163 934 πρὸς
171 854 249 926 νήσου
256 857 369 934 σμικρῆς
378 853 530 934 καὶίρηΓμης
539 853 645 932 γίνεται·
655 853 754 932 οὔνομα
763 859 796 931 τῇ
806 854 878 934 νήσῳ

105 942 269 1020 Καίκανδρος·
279 945 294 998 δ
305 939 334 998 δὲ
345 940 424 1006 πλόος
434 939 536 998 στάδιοι
545 938 717 1018 τετρακόσιοι.
761 939 794 1018 (a)
808 939 877 999 Ὑπὸ

103 1029 128 1087 δὲ
141 1029 186 1100 τὴν
197 1029 232 1087 ἕω
243 1031 269 1096 ἐς
280 1028 364 1100 ἄλλην
379 1031 457 1098 νῆσον
471 1027 624 1094 πλώσαντες
637 1027 786 1106 ὁρμίζονται
795 1029 876 1086 obeo·

103 1116 187 1193 μένην·
200 1115 243 1174 ίνα
263 1116 310 1174 καί
324 1115 488 1195 μαργαρίτην
509 1119 640 1194 θηρᾶσθαι
659 1115 728 1190 λέγει
742 1114 876 1193 Νίαρχος,

101 1203 213 1283 κατάπερ
234 1205 308 1281 ίντῇ
327 1199 417 1262 Ἰνδῶν
436 1201 568 1280 θαλάσση.
611 1199 719 1274 Ταύτης
737 1205 783 1272 τῆς
796 1201 877 1271 νήσου

68 1312 88 1348 nr
100 1292 144 1363 τὴν
155 1291 237 1372 ἄκρην
246 1289 473 1370 παραπλώσαντες
485 1291 606 1356 σταδίους
617 1292 652 1356 ὡς
671 1289 877 1370 τεσσαράκοντα,

100 1384 206 1438 ἐνταῦθα
221 1378 402 1457 ὡρμίσθησαν·
421 1381 454 1456 (ι)
468 1377 568 1436 ἐνθένθε
582 1377 646 1456 πρὸς
657 1377 712 1456 ὄρεϊ
729 1375 877 1454 ὁρμίζονται

100 1468 187 1547 binii?
200 1457 307 1545 (Ὦχος
318 1466 418 1542 οὕνομα
431 1468 470 1546 τῷ
481 1464 556 1545 ίρεῖ)
569 1467 596 1522 ἐν
605 1464 690 1542 λιμένι
703 1465 816 1543 εὐόρμῳ·
832 1462 876 1521 καί

100 1554 180 1620 ἁλιέες
195 1555 276 1614 αὐτοῦ
290 1553 383 1634 ᾤκεον.
427 1555 458 1631 (α)
475 1553 528 1612 Ir'ai
547 1551 618 1610 ίνθεν
631 1551 783 1617 πλώσαντες
803 1574 875 1609 στα-

98 1767 139 1809 net
148 1775 227 1828 usqne
238 1757 275 1810 ad
286 1756 430 1826 Bagradam
444 1756 454 1827 (
466 1755 545 1808 hodie
557 1756 670 1824 Nabar)
680 1755 800 1808 llnvium.
816 1757 827 1823 1(
843 1783 879 1794 -·

101 1852 123 1886 1.
146 1838 288 1906 κατάπερ
311 1836 440 1905 Πίρσαι,
457 1837 467 1906 ]
482 1835 523 1888 CI.
543 1833 639 1888 Strabo
658 1852 686 1904 p.
711 1850 762 1902 7²7
779 1833 878 1901 :neap-

98 1933 139 1982 χος
149 1915 174 1966 δὲ
187 1915 218 1968 τὰ
231 1915 340 1968 πλεῖστα
349 1914 393 1981 ἔθη
405 1914 447 1967 καί
458 1911 502 1978 τὴν
514 1913 644 1965 διάλεκτον
655 1918 702 1964 τῶν
718 1912 878 1982 ίίαρμανιτῶν

98 1992 197 2062 Περσικά
205 2013 231 2048 τε
242 1993 289 2046 καλ
305 1993 405 2060 Μηδικὰ
417 1991 507 2062 εἴρηκε.
524 1991 603 2046 Adde
614 2009 672 2062 quae
686 1990 756 2042 idem
769 1990 804 2042 de
814 1991 879 2042 Car·

98 2073 175 2124 manis
194 2091 227 2126 ex
246 2073 398 2126 Onesicrito
412 2071 501 2125 refert.
517 2073 530 2140 (Ι
548 2101 584 2110 -
597 2075 624 2133 ί..
639 2070 727 2123 Ἰλαν
739 2072 876 2140 χῶρον(

97 2148 130 2202 Ila
142 2169 236 2205 nornen
250 2162 383 2223 superstes
396 2161 435 2203 est
452 2152 480 2202 in
491 2148 622 2202 hodierno
636 2148 693 2201 loco
705 2148 792 2219 Djilla
803 2150 877 2200 Aba·

96 2228 132 2280 de.
145 2234 269 2284 Attamen
285 2249 340 2282 non
351 2232 379 2282 in
393 2229 465 2281 bnuc
478 2229 565 2281 locum
578 2226 708 2298 appulisse
716 2227 876 2291 Nearchum,

97 2307 137 2358 sed
150 2309 234 2379 paullo
259 2311 341 2377 magis
355 2325 477 2360 oceasum
495 2324 598 2370 versus,
625 2324 641 2358 e
662 2307 767 2375 regione
788 2307 878 2358 insulae

99 2387 240 2450 Inderabia,
255 2387 436 2457 suadentque
446 2395 609 2455 sequuntur:
619 2384 663 2436 ‘Ira
674 2381 750 2454 λιμὴν
764 2384 823 2454 πρὸς
834 2385 879 2450 νο(-

97 2467 336 2536 συυ...Ιίαίκανδρος.
345 2468 470 2518 Eosensu
478 2464 688 2534 Kempthornius
696 2463 877 2516 cumliacom·

95 2545 376 2611 ponithimuricum.
390 2544 401 2610 (Ι
412 2573 448 2582 -
458 2542 483 2594 5.
496 2541 586 2611 ἐρήμου
598 2543 630 2593 L.
643 2543 653 2610 (1
663 2573 700 2592 η-
711 2546 737 2592 6.
747 2541 877 2593 Καίκαν·

95 2621 159 2690 δρας
173 2625 182 2694 ]
195 2625 232 2676 sic
246 2624 320 2677 ABG
327 2633 354 2675 et
371 2621 448 2689 vulgo
460 2630 521 2673 ante
534 2619 743 2683 Schmiedernm,
751 2621 797 2689 qni
809 2637 842 2672 ex
856 2622 879 2672 L

96 2704 187 2772 recepit
201 2703 340 2772 ίίίκανδρος
347 2723 358 2764 ,·
371 2699 454 2754 codex
470 2703 494 2751 D
509 2699 652 2768 Κίκανδρος.
665 2698 818 2751 ᾶτεαιιιίτιετ
831 2717 879 2750 no-

96 2797 150 2832 rnen
161 2781 231 2853 apud
245 2782 365 2835 Plinium
381 2783 391 2847 (
404 2799 430 2833 ν.
443 2789 499 2832 not.
514 2777 549 2831 ad
560 2797 618 2849 cap.
631 2778 686 2848 37)
701 2779 814 2830 restituit
825 2779 878 2831 Sal·

95 2861 197 2924 masius3
212 2859 322 2914 codices
335 2860 412 2912 Plinii
432 2857 606 2923 taramriam,
627 2855 799 2920 Camrrndrns,
817 2861 878 2910 Orr-

94 2940 230 3007 searrdnrs,
265 2937 468 2993 θαταίααιιιίηετ.
500 2938 600 2991 Eadem
629 2936 738 2989 sortasse
772 2940 879 3004 Kotaga

95 3032 196 3073 vocatur
207 3023 234 3073 in
245 3022 348 3087 Gerrgr.
363 3021 429 3071 ilar.
441 3018 460 3070 l.
472 3018 492 3070 1.
503 3018 624 3086 Denique
634 3013 769 3069 Caoeudri
781 3032 877 3068 nomen

95 3100 228 3153 Salmasius
250 3110 278 3152 et
293 3096 449 3150 Harduinus
468 3096 561 3165 reponi
580 3094 720 3147 voluerunt
742 3111 785 3164 ep.
807 3095 876 3147 Plin.

82 3176 140 3240 ·l‘'I,
154 3183 196 3243 26,
207 3182 222 3246 §
232 3198 279 3248 99,
292 3176 337 3229 ubi
348 3195 381 3227 ex
393 3174 462 3228 suba
475 3176 511 3226 ita
520 3173 615 3225 refert:
626 3173 724 3225 [mule
733 3176 780 3225 IV
781 3173 841 3241 jam
851 3176 878 3226 in

94 3254 151 3305 sian
165 3268 225 3308 aare
248 3253 373 3308 Persida.
394 3252 468 3304 Circa
482 3251 531 3303 lias
544 3251 620 3320 hydri
639 3250 737 3302 marini
759 3250 879 3303 vaenum

95 3334 234 3387 cabirorum
249 3333 412 3386 adnatantes
427 3342 537 3381 terruere
550 3329 668 3381 classem.
687 3329 780 3381 Insula
793 3330 878 3381 Adro-

97 3410 201 3465 tlmdms
215 3415 225 3482 (
239 3410 403 3465 Caicrrndrns
417 3408 500 3461 Hnrd.
514 3408 535 3479 ),
553 3408 614 3461 item
628 3412 764 3469 Gauratae,
781 3407 808 3459 in
820 3407 879 3478 qni·

95 3488 139 3541 bus
148 3492 232 3561 Gyani
239 3510 305 3559 gens
313 3492 428 3559 ,·s1'an1ea
439 3488 552 3560 Hyperis
562 3487 590 3541 ia
598 3486 682 3541 medie
690 3486 751 3540 sina
762 3486 876 3541 Persico.

96 3566 238 3640 Ιίαθιανδρος
248 3588 323 3623 nunc
333 3580 373 3621 est
390 3567 542 3630 Inderadm,
556 3566 707 3628 Andaruia,
726 3567 876 3634 Angaruia,

93 3644 125 3696 de
134 3666 185 3717 qua
197 3649 254 3701 hec
269 3647 483 3718 Kempthornins
494 3663 522 3716 p.
538 3648 608 3699 281:
625 3668 636 3695 ι
655 3644 793 3698 Inderabia
810 3646 879 3697 issi·

925 781 998 814 oram
1012 761 1066 832 jam
1081 761 1299 832 pratervehentes
1318 763 1346 812 in
1360 761 1424 814 llam
1436 762 1523 814 locurn
1538 764 1708 834 appulerunt,

924 841 968 892 ubi
983 852 1075 911 portus
1093 840 1126 892 ab
1140 841 1225 892 insula
1238 859 1317 910 parra
1335 859 1366 892 ac
1379 840 1481 894 deserta
1496 841 1618 896 efficitur.
1655 845 1708 896 No·

923 938 984 971 men
999 918 1089 972 insulae
1103 918 1261 971 Carandrus
1276 929 1348 982 erat;
1365 921 1495 988 navigatio
1509 931 1597 974 autern
1614 921 1709 974 stadio·

922 1016 982 1050 rum
1005 995 1268 1068 quadringentorum.
1307 997 1347 1064 (3)
1369 998 1424 1050 Sub
1445 1016 1568 1052 auroram
1584 1002 1611 1052 in
1631 1002 1708 1054 aliam

923 1077 1035 1130 insulam
1048 1077 1191 1129 habitatam
1204 1075 1281 1127 delati
1298 1086 1370 1141 sunt,
1393 1077 1420 1128 in
1439 1095 1491 1146 qua
1505 1078 1614 1148 perinde
1632 1091 1710 1150 atque

922 1157 951 1207 in
976 1157 1040 1208 mari
1062 1154 1154 1208 Indico
1181 1155 1346 1222 margaritam
1369 1157 1426 1225 capi
1452 1157 1585 1210 Nearchus
1607 1159 1707 1212 scribit.
1756 1169 1773 1205 ¹·-

923 1234 1010 1304 liujus
1024 1233 1111 1288 insulae
1123 1236 1544 1304 promontoriopraeternavigare,
1556 1237 1636 1291 stadia
1647 1257 1710 1310 qua·

923 1313 1044 1382 draginta
1057 1313 1171 1374 emensi,
1189 1315 1372 1366 constiterunt.
1411 1316 1452 1382 (I.)
1467 1315 1576 1367 Indead
1592 1329 1709 1375 montem

922 1392 1064 1456 excelsum,
1077 1391 1182 1444 Ochum
1192 1391 1301 1452 dictum,
1310 1391 1468 1462 appulerunt
1478 1395 1504 1445 in
1514 1407 1591 1465 portu
1602 1399 1709 1450 aventis

923 1482 996 1535 tuto,
1023 1481 1049 1522 et
1075 1471 1215 1542 piscatores
1237 1489 1268 1522 err
1290 1470 1347 1522 10oe
1372 1471 1518 1524 habitantes
1543 1486 1707 1544 repererunt.

921 1552 962 1620 (5)
974 1550 1040 1603 Inde
1047 1568 1152 1604 rursum
1159 1551 1301 1614 solventes,
1312 1550 1509 1620 quadringentis
1520 1556 1709 1625 quinquaginta

923 1753 984 1804 who
998 1752 1047 1805 live
1062 1771 1096 1804 on
1110 1751 1160 1804 fish
1174 1751 1227 1805 and
1239 1751 1329 1817 dates,
1352 1753 1406 1806 and
1420 1756 1442 1806 is
1460 1755 1647 1822 nncultivated,
1662 1757 1709 1811 but

922 1831 1044 1884 abounds
1067 1834 1094 1884 in
1113 1841 1194 1900 goats.
1210 1832 1268 1884 The
1287 1832 1414 1899 harbour,
1429 1833 1461 1886 ol
1470 1835 1556 1888 which
1576 1838 1709 1890 Nearchus

923 1910 1026 1980 speaks,
1043 1911 1064 1962 is
1081 1929 1116 1964 on
1130 1911 1174 1963 the
1192 1921 1302 1964 western
1320 1922 1436 1966 extreme
1454 1914 1486 1966 ol
1496 1915 1539 1967 the
1555 1915 1654 1982 island,
1673 1937 1708 1971 on

923 1988 969 2041 the
983 1989 1061 2042 north
1083 1989 1153 2053 side,
1178 1991 1266 2042 where
1285 1993 1358 2044 there
1379 1995 1400 2045 is
1414 1995 1483 2063 good
1507 1997 1652 2066 anchorage
1669 1998 1710 2050 sor·

924 2067 1017 2118 vessels
1040 2085 1104 2119 even
1122 2067 1154 2119 ol
1171 2067 1240 2136 large
1259 2069 1410 2124 burthen.»
1432 2073 1533 2140 Quodsi
1549 2075 1618 2128 Juba
1639 2078 1709 2147 apud

923 2145 1037 2197 Plinium
1048 2149 1062 2214 5
1076 2166 1110 2214 99
1118 2145 1290 2199 Casandrum
1303 2150 1407 2202 Arriani
1419 2151 1614 2216 AthotJradrnm
1624 2153 1707 2217 dixit,

924 2236 1129 2276 consentaneum
1139 2234 1179 2276 est
1191 2225 1305 2278 Shitwar
1324 2237 1349 2279 et
1364 2230 1481 2282 Brrclreab
1501 2230 1596 2284 insulas
1612 2235 1709 2302 signari

924 2302 1010 2355 verbis
1030 2303 1153 2355 Plinianis
1175 2319 1181 2354 z
1202 2307 1470 2375 Ganratae[Goroale
1488 2309 1559 2362 locus
1581 2313 1607 2363 in
1626 2313 1710 2366 insula

923 2383 1063 2452 nomtur],
1085 2381 1112 2434 ia
1130 2381 1226 2452 quibas
1244 2383 1330 2453 Gyani
1344 2405 1415 2451 gens.
1441 2387 1530 2440 Altero
1550 2389 1627 2442 Plinii
1651 2389 1709 2444 loco

923 2462 938 2526 ς
958 2476 1007 2514 110
1027 2478 1107 2531 supra
1122 2459 1254 2529 adscripto
1278 2460 1360 2514 insula
1380 2475 1468 2516 nostra
1486 2475 1594 2518 vocatur
1612 2467 1709 2520 Stoidis

924 2538 1078 2604 margaritis
1090 2549 1248 2609 qrroestnosa.
1258 2540 1336 2592 Conl'.
1351 2541 1387 2594 id.
1399 2544 1448 2606 IX,
1463 2543 1493 2607 5(
1508 2561 1514 2596 :
1531 2544 1709 2596 Fertilissima
1783 2605 1787 2613 ι

923 2619 983 2686 est(
994 2618 1139 2687 margaritis
1152 2617 1161 2688 )
1183 2619 1335 2688 Taprobane
1349 2633 1374 2671 et
1386 2621 1495 2684 Stoidis,
1510 2634 1539 2674 at
1552 2622 1671 2676 diximus
1682 2625 1709 2676 in
1778 2616 1784 2630 '

922 2694 1036 2747 circrrita
1045 2694 1145 2748 mandi.
1161 2697 1333 2767 Geographus
1348 2701 1411 2752 Rav.
1427 2712 1485 2770 post
1500 2705 1623 2768 Catagam
1635 2705 1646 2770 (
1654 2703 1710 2753 llari·

923 2775 1048 2844 κανδρυν)
1069 2784 1199 2826 memorat
1217 2777 1353 2838 Ostaaam,
1371 2793 1455 2846 qnaea
1469 2776 1552 2830 Stoidi
1567 2779 1643 2831 Plinii
1655 2798 1709 2832 non

923 2862 963 2905 est
976 2852 1088 2905 diversa.
1103 2856 1190 2923 Atque
1204 2853 1271 2907 bene
1284 2853 1312 2906 id
1329 2871 1426 2909 nornen
1442 2855 1555 2926 quadrat
1573 2876 1632 2910 curn
1651 2858 1710 2912 loeo

923 2937 1066 3003 Ap-ostana
1084 2934 1289 3003 (Aba-ortana)
1312 2935 1340 2988 iu
1359 2934 1458 3006 objecta
1476 2938 1637 2992 continente.
1656 2940 1709 2991 Pro

925 3014 1027 3063 ostana
1033 3012 1188 3065 Ptolemaeus
1198 3013 1276 3065 habet
1282 3015 1440 3082 Sagrlanam,
1452 3014 1477 3068 ir
1487 3013 1502 3087 ᾖ
1513 3018 1597 3088 μίλτος
1609 3018 1710 3088 (exspe-

923 3088 1011 3141 ctabas
1032 3088 1056 3141 ἐν
1075 3084 1228 3162 ᾖπινικόν),
1248 3093 1319 3143 Num
1339 3094 1491 3146 etiamnunc
1514 3096 1658 3163 margaritae
1673 3095 1708 3147 ibi

923 3168 1070 3237 capiantur,
1081 3170 1183 3234 nescio;
1192 3170 1291 3221 accolas
1304 3170 1549 3241 reroohjaeentisin
1558 3175 1710 3227 'continente

923 3256 1016 3314 portus
1036 3246 1155 3313 (Besaler
1171 3248 1309 3317 Il'alrlrila)
1323 3251 1437 3319 optimos
1449 3268 1504 3302 esse
1524 3252 1668 3303 urinatores
1684 3262 1710 3304 et

923 3326 1710 3400 margaritarumvenatoresrelertRitterusVIII,p.777.De·

924 3402 1004 3469 nique
1022 3401 1056 3455 ad
1074 3402 1142 3455 hane
1160 3404 1269 3456 insulam
1287 3407 1419 3475 pertinere
1438 3424 1496 3477 quae
1516 3425 1547 3459 ex
1560 3407 1662 3460 Isidoro
1676 3410 1709 3461 de

924 3483 1454 3555 ansgaritasespiendisationenarrantur
1462 3484 1498 3557 (ν.
1511 3503 1588 3557 snpra
1595 3504 1622 3559 p.
1633 3488 1708 3557 254),

923 3573 1012 3615 censet
1033 3563 1182 3616 Salmasius.
1210 3565 1221 3633 Ι(
1241 3595 1277 3605 -
1299 3578 1341 3617 10.
1367 3562 1420 3629 τὴν
1437 3564 1539 3635 ἄκρην
1567 3568 1707 3636 παραπλ.

923 3643 1069 3704 σταδίους
1082 3642 1121 3703 ὡς
1134 3645 1271 3713 τετταρ]
1281 3644 1490 3715 Kempthornius
1503 3645 1530 3696 in
1541 3645 1623 3715 ipsam
1640 3647 1710 3699 insu·

94 3726 178 3777 tuated
190 3727 251 3780 lonr
259 3744 293 3779 οι·
303 3726 355 3778 iive
362 3724 436 3778 miles
445 3723 512 3777 srorn
523 3724 568 3777 the
578 3725 650 3776 mein
657 3723 734 3789 land;
745 3723 798 3777 and
805 3724 879 3776 there
906 3723 913 3739 ⁸
924 3721 974 3773 lam
988 3722 1136 3775 Nearchum
1156 3724 1284 3794 appulisse
1296 3734 1383 3776 censet
1394 3723 1578 3794 probabiliter,
1594 3736 1708 3778 attamen

95 3803 115 3853 is
126 3822 141 3856 a
154 3806 228 3859 small
241 3817 315 3859 town
329 3823 365 3859 an
380 3805 425 3857 the
438 3804 566 3857 northern
586 3803 657 3867 side,
673 3803 760 3856 where
770 3822 787 3856 a
799 3804 878 3856 vessel
923 3816 977 3851 non
990 3802 1017 3853 in
1036 3801 1189 3854 occidentali
1212 3800 1268 3873 ejus
1281 3804 1445 3856 extremitate
1458 3821 1560 3856 ancorae
1569 3802 1622 3874 jaci
1634 3816 1706 3875 pote·

93 3898 148 3952 rnay
162 3896 204 3951 get
218 3883 343 3955 supplied
354 3882 418 3935 with
428 3893 511 3950 goats,
526 3882 615 3952 sheep,
629 3882 682 3934 and
695 3899 769 3933 sorne
778 3894 878 3951 vegeta·
923 3891 992 3944 rant,
1014 3898 1097 3951 quum
1110 3880 1231 3934 Busheab
1252 3882 1335 3935 insula
1346 3882 1496 3951 longissima
1514 3884 1557 3948 sit,
1582 3886 1710 3939 Arrianus

94 3958 154 4014 bles.
167 3964 225 4017 The
234 3962 321 4016 island
335 3964 371 4026 is,
386 3962 518 4025 however,
533 3960 627 4013 almost
639 3960 819 4023 incultivated,
835 3962 879 4014 the
924 3976 986 4010 vero
995 3961 1099 4012 nonnisi
1108 3962 1536 4033 perlostadiapreeternerigatnm
1546 3980 1601 4015 esse
1609 3963 1670 4017 inde
1676 3965 1710 4017 ab

93 4041 188 4093 natires
201 4041 302 4111 merely
315 4042 433 4110 growing
446 4056 511 4091 corn
529 4038 582 4091 and
595 4037 738 4107 vegetables
754 4038 795 4092 lor
810 4040 879 4092 their
923 4036 1520 4105 ejusexuemitatedicat.Vincentuscontrain
1533 4042 1709 4094 continentem

93 4134 149 4171 own
165 4121 365 4193 consumption.
377 4120 434 4173 We
445 4117 578 4171 anchored
590 4117 632 4169 oli
638 4119 689 4169 this
704 4117 787 4171 island
802 4120 828 4171 in
838 4122 877 4172 six
923 4114 1046 4187 adripam
1054 4117 1367 4172 occidenutemnaratm
1377 4118 1451 4171 tluvii
1460 4118 1607 4171 Nearchum
1613 4122 1709 4173 eonsti-

92 4198 140 4249 and
150 4218 164 4251 a
173 4212 285 4270 quarter
298 4200 422 4262 fathoms,
435 4207 489 4250 two
500 4198 573 4249 miles
586 4196 654 4249 lrom
665 4197 709 4249 the
723 4199 792 4249 main
805 4198 876 4252 land.
923 4196 985 4248 tisse
998 4206 1081 4266 putat,
1096 4195 1162 4249 adeo
1175 4207 1205 4249 ut
1214 4200 1249 4259 (ο
1259 4197 1341 4250 stadia
1347 4196 1525 4269 computanda
1534 4200 1585 4250 sint
1593 4197 1627 4251 ab
1638 4199 1708 4251 Siris·

91 4277 145 4328 The
156 4279 277 4332 Irarbour
292 4281 313 4331 is
322 4278 375 4331 sale
386 4276 440 4331 and
455 4275 651 4341 commodious,
669 4276 721 4328 and
733 4295 748 4329 a
761 4279 842 4331 vessel
858 4281 879 4331 is
924 4293 980 4326 war
996 4276 1045 4327 ins.
1060 4274 1093 4327 ad
1105 4276 1293 4329 continentem.
1307 4280 1345 4329 Ac
1354 4295 1416 4329 sanc
1430 4278 1457 4329 in
1469 4294 1564 4347 mappa
1577 4277 1709 4345 Berghau-

92 4355 144 4406 well
153 4356 285 4410 shetrered
296 4358 323 4409 in
335 4358 356 4409 ir
367 4356 461 4409 fromn
474 4354 630 4406 north-west
642 4354 730 4417 wind;
742 4356 786 4409 the
798 4369 880 4411 water
923 4354 996 4405 siana
1013 4353 1126 4405 Slritrvar
1142 4371 1157 4405 a
1170 4355 1321 4407 continente
1343 4354 1421 4408 distat
1445 4356 1635 4427 quinquaginta
1655 4357 1709 4411 lere

92 4432 113 4482 is
124 4433 190 4505 deep
211 4436 283 4489 close
294 4448 322 4489 ιο
337 4436 382 4487 the
395 4434 471 4498 Iand;
485 4434 534 4487 but
549 4434 594 4485 rhe
605 4434 715 4487 channel
732 4435 848 4489 between
859 4440 879 4490 it
924 4431 1029 4495 stadiis;
1041 4431 1086 4483 sed
1099 4431 1177 4484 verba
1186 4433 1287 4485 Arriani
1301 4434 1309 4504 (
1321 4452 1379 4503 quie
1389 4436 1476 4505 inepte
1490 4438 1568 4488 vertit
1578 4437 1706 4489 Gosselin.

92 4510 141 4562 arrd
153 4514 197 4567 the
213 4518 287 4568 main
299 4514 360 4568 land
373 4516 395 4566 is
409 4514 497 4566 ratlrer
511 4510 669 4581 dangerons,
686 4515 737 4567 and
755 4517 838 4585 ought
851 4528 879 4569 to
923 4514 973 4575 ΙΙΙ,
987 4530 1013 4581 p.
1028 4514 1083 4581 79)
1097 4514 1236 4566 stationem
1246 4511 1280 4565 ad
1292 4516 1374 4585 ipsam
1386 4516 1498 4567 insulam
1517 4514 1595 4568 luisse
1603 4514 1706 4586 jubent.

92 4588 122 4642 lre
140 4592 265 4658 avoided,
288 4612 315 4646 as
338 4594 412 4646 there
423 4594 445 4645 is
459 4611 494 4644 no
516 4592 604 4663 object
623 4604 650 4645 to
669 4594 729 4661 gaia
749 4594 784 4665 hy
801 4597 879 4664 going
927 4592 938 4657 ΙΙ
953 4618 989 4630 -
1003 4590 1119 4661 raslly·
1126 4593 1177 4661 ος]
1191 4592 1281 4644 Ochus
1295 4610 1370 4645 rnons
1384 4591 1548 4647 luisscdebet
1560 4596 1709 4647 extremitas

91 4667 241 4738 through.»
262 4673 321 4740 (1-
340 4690 367 4741 7.
383 4670 413 4732 ἔς
433 4671 537 4737 ἄλλην
558 4674 654 4736 νῆσον
670 4674 679 4741 l
695 4675 818 4725 Proxime
841 4693 880 4725 se-
924 4669 1102 4722 meridionalis
1117 4672 1413 4741 montisDalrrAsdaa,
1427 4684 1617 4744 pertusantem
1628 4676 1708 4727 Near-

92 4759 209 4815 quuntur
229 4752 322 4803 insule
341 4750 416 4814 duae,
429 4749 543 4803 Shitrrar
556 4752 651 4820 exigna
665 4740 740 4820 eique
759 4750 879 4821 adjacens
924 4747 966 4799 clri
979 4747 1123 4802 hodiernus
1136 4750 1361 4822 Benderilrrl·dilrr
1373 4754 1427 4804 sive
1441 4752 1529 4806 Nachl
1541 4752 1549 4824 (
1562 4754 1707 4823 palmarum

93 4826 175 4895 major
187 4828 366 4899 habitataque,
381 4828 472 4880 steila
489 4830 552 4881 Aba
567 4830 670 4898 Slrciyilr
690 4831 744 4881 sive
758 4831 876 4900 Selrarib,
924 4832 1035 4898 portus)
1044 4829 1077 4880 ad
1092 4830 1223 4901 Dary'abin
1237 4830 1277 4881 rel
1290 4830 1404 4883 Iialatoa
1417 4832 1456 4884 rel
1468 4832 1579 4884 sidetes
1591 4834 1637 4900 (V.
1652 4834 1708 4884 Rit-

94 4905 164 4972 quod
177 4924 278 4959 nomen
288 4909 365 4977 rulgo
376 4908 540 4960 contrahitur·
549 4910 575 4960 in
589 4910 716 4962 Bashrab.
727 4912 768 4961 De
781 4909 880 4981 majore
925 4918 974 4960 ter.
990 4910 1065 4971 VIII,
1076 4926 1103 4979 p.
1117 4911 1179 4978 752.
1195 4908 1264 4982 777)
1276 4910 1352 4973 llum,
1365 4928 1444 4981 quern
1458 4914 1558 4963 Darem
1569 4910 1633 4962 dicit
1647 4912 1707 4963 Pto-

93 4981 140 5036 lrac
161 4986 248 5039 insula
274 4988 417 5039 Anianum
443 4987 515 5056 loqui
543 5001 631 5041 censet
658 4990 878 5060 Kempthornius.
926 4985 1040 5039 lenraeus.
1055 4989 1157 5039 Nomen
1173 4988 1258 5041 Ochus
1273 4989 1334 5041 lora.
1349 5000 1388 5041 est
1400 4988 1583 5059 indigenarum
1596 4990 1705 5049 It'orseh,

93 5063 174 5115 «This
183 5063 270 5116 island
281 5067 292 5132 (
304 5065 515 5135 Kempthornius
527 5066 563 5117 ait
576 5067 585 5136 )
598 5067 619 5117 is
633 5066 682 5119 low
694 5066 747 5119 and
762 5068 816 5131 ssat,
827 5068 880 5121 and
926 5088 980 5139 quo
992 5072 1098 5123 nomine
1115 5072 1208 5141 saepius
1221 5074 1352 5125 montium
1363 5076 1473 5126 vertices
1487 5083 1623 5137 vocantur,
1639 5072 1707 5125 sient

89 5142 110 5191 is
124 5140 205 5195 about
219 5142 312 5195 eleven
328 5144 400 5196 miles
412 5144 510 5197 distant
529 5144 596 5197 lrorn
616 5146 659 5198 tlre
675 5146 836 5211 rrrain·land;
861 5150 881 5201 it
926 5150 968 5201 ille
985 5152 1030 5219 qni
1047 5168 1126 5221 supra
1146 5152 1233 5203 sinrnn
1247 5155 1422 5223 promontorii
1439 5151 1548 5215 Gnadrl,
1563 5152 1706 5223 atqueille,

90 5221 235 5273 containsa
252 5222 328 5293 snrall
339 5233 420 5288 town,
433 5222 585 5293 principally
598 5224 729 5278 inhabitrd
740 5227 774 5298 by
785 5228 877 5291 Arabs,
925 5230 970 5300 qui
978 5246 1059 5301 ,supra
1071 5232 1168 5285 Assaln
1178 5233 1268 5285 urbem
1279 5244 1302 5286 et
1314 5238 1367 5306 (hp
1378 5233 1495 5286 Il'nbrnd.
1509 5233 1708 5304 -Ilemptbor-
