3775 5750
182 304 295 348 erxxtt
838 281 1136 344 Pnotnoottnnt.

183 411 279 488 primo
293 408 397 468 desunt
409 405 546 484 prooemii
562 405 680 466 initium
694 408 881 486 capitumque
890 408 967 466 indi·
1011 403 1075 475 θμόν
1087 403 1168 462 δοκεῖ.
1185 402 1326 460 preterea
1340 401 1462 460 Photius
1479 405 1541 459 cml.
1558 401 1781 480 188,postqnani
1864 419 1865 430 ¹

183 504 282 577 culus,
297 505 327 562 in
339 503 430 561 altero
445 503 583 581 paraplus
595 502 695 580 libyae
706 502 843 562 occiduae.
853 503 967 562 Deinde
1010 499 1047 557 de
1059 498 1209 556 uolumine
1225 497 1254 554 in
1268 496 1376 574 quibus
1393 497 1548 555 Alexandri
1559 498 1567 578 ί
1578 496 1780 574 polyhistoris)
1864 521 1865 524 ¹

183 597 966 675 veromajusetiamdamnumintulitscribaecujusdam
1011 593 1176 668 Θαυμασίων
1197 591 1336 669 συναγωγὴ
1352 591 1513 667 legebatur,
1528 594 1666 651 nonnulla
1683 596 1781 666 retulit,

186 696 367 766 festinantia,
388 695 440 772 qui
463 713 536 771 opus
558 706 690 752 nostrum
708 695 854 772 excerpsit
869 695 968 772 potius
1012 689 1129 763 subjicit
1143 688 1223 746 haec:
1247 686 1294 748 Ἐν
1315 687 1403 767 ταύτῷ
1428 689 1478 764 (in
1500 689 1601 748 eodem
1620 689 1780 766 volumine)
1864 741 1865 748 ,

185 813 272 870 quam
291 792 484 868 transcripsit.
505 790 594 848 initio
609 810 670 847 rem
687 790 747 866 egit
763 802 895 861 strenue,
916 789 967 856 sed
1013 782 1039 842 δί
1058 782 1103 841 καί
1128 781 1355 862 Πρωταγόρου
1383 783 1590 860 γεωμετρίας
1610 783 1785 862 (γεωγραφίας

183 909 254 946 mox
269 887 402 946 fatiscens
417 887 448 944 in
465 886 592 961 generali
605 888 755 960 regionum
773 885 968 964 descriptione
1012 877 1189 938 ellarciano
1201 878 1259 954 legi
1277 877 1363 955 jubet
1382 877 1564 952 casauboni
1580 881 1627 948 τῆς
1644 879 1785 955 οἰκουμένης
1864 903 1865 966 3

185 997 217 1042 ut
226 985 384 1062 plurimum
395 983 547 1059 acquievit,
560 982 706 1058 missaque
717 982 825 1040 iecitrl
840 981 908 1040 nuri
919 981 968 1056 με’·
1013 975 1160 1056 ἐπιγραφὴν
1179 973 1248 1053 ἔχον,
1262 974 1356 1050 λόγοι
1380 973 1418 1047 ς’,
1438 964 1474 1032 ῶν
1492 973 1525 1033 sd
1541 973 1588 1050 μὲν
1606 973 1636 1046 ε’,
1650 977 1672 1033 εί
1694 975 1783 1050 καὶμὴ
1864 987 1865 1028 3

185 1103 228 1158 ρος
241 1081 285 1157 γ’).
297 1080 344 1138 Sic
355 1080 385 1137 in
395 1077 473 1136 libro
487 1078 588 1156 primo
600 1078 719 1136 nonnisi
733 1097 791 1134 orae
806 1096 822 1134 a
833 1075 918 1153 Tigri
929 1076 966 1134 ad
1013 1069 1159 1136 σπουδαίως
1173 1069 1218 1128 καλ
1231 1072 1265 1134 ὡς
1276 1070 1299 1129 ol
1310 1067 1416 1148 ὕστερον
1427 1068 1556 1149 ἅκριόῶς,
1566 1069 1624 1127 ἀλλ’
1636 1059 1678 1126 οθν
1690 1067 1735 1138 τὴν
1746 1073 1787 1138 τῆς

184 1175 288 1233 indum
307 1174 494 1253 pertinentis,
516 1174 548 1230 in
572 1170 698 1230 secunda
715 1185 809 1230 autem
823 1172 895 1229 nilril
910 1171 969 1231 nisi
1013 1167 1101 1234 Ἀσίας
1123 1167 1168 1224 καί
1194 1163 1303 1238 Διόόης,
1325 1165 1459 1224 ἀλλὰκαὶ
1485 1164 1617 1243 Εὐρώπης
1641 1163 1786 1244 περιήγησιν

183 1270 308 1343 Baeticae,
318 1267 487 1345 Lusitaniae,
499 1266 673 1346 Aquitania,
684 1265 850 1326 Gertuaniae
863 1280 891 1326 et
901 1268 971 1326 Sar·
1013 1265 1138 1322 ποιεῖται·
1153 1260 1184 1320 τδ
1207 1259 1234 1320 dl
1249 1259 1322 1319 ίκτον
1337 1257 1475 1339 σύστοιχόν
1493 1257 1550 1326 πῶς
1562 1260 1618 1317 ἐστι
1631 1263 1664 1336 τῇ
1678 1257 1787 1326 Ἀλεξίν-

181 1367 279 1424 matiae
294 1365 401 1444 peripli
418 1364 607 1442 particulares
624 1375 794 1442 supersunt,
809 1363 881 1422 adeo
893 1376 926 1424 ut
936 1382 971 1422 ea
1014 1358 1075 1438 δρου
1090 1359 1244 1436 συναγωγῇ·
1258 1359 1309 1414 τῶν
1321 1355 1373 1436 γδρ
1388 1355 1457 1413 κατδ
1473 1355 1519 1426 τὴν
1540 1352 1692 1431 οίκουμίνην
1708 1377 1787 1432 παρα·
1864 1401 1865 1408 ,

184 1459 644 1540 quaepraeceterisservatavelis,
658 1477 712 1536 per
721 1457 860 1534 majorem
871 1459 971 1535 operis
1015 1450 1236 1530 δοξολογουμίνων
1251 1449 1397 1530 ἀναγράφω
1408 1447 1456 1521 rit
1465 1449 1593 1530 ἱστορίαν,
1605 1442 1641 1508 ὧν
1655 1450 1688 1508 rt
1702 1448 1746 1526 μὲν
1757 1449 1788 1515 tls
1864 1467 1865 1492 t

186 1571 298 1636 partem
310 1556 372 1632 jam
388 1554 600 1613 desiderentur.
614 1552 676 1611 Huc
688 1551 828 1610 accedunt
840 1553 971 1612 minores
1016 1545 1200 1627 ἀρχαιοτέρους
1222 1545 1363 1626 ἀναφέρει,
1393 1546 1478 1605 πολλδ
1502 1547 1530 1605 δί
1548 1546 1595 1606 καί
1611 1548 1647 1614 εἰς
1672 1545 1788 1627 αιἰτορίον
1864 1633 1865 1636 ρ

188 1652 315 1726 lacunae,
335 1669 369 1707 ac
390 1647 541 1706 nominum
562 1665 809 1723 numerorumque
829 1646 972 1725 depreva-
1015 1641 1339 1714 Παει,οὖκί’λαττοντῶν
1355 1640 1443 1698 ἄλλων
1456 1641 1660 1722 προόαλλόμενα
1674 1641 1789 1720 τὀπαριί-

188 1746 282 1803 tiones
294 1742 546 1822 frequentissimae.
1017 1737 1098 1807 δοξον.
1117 1737 1210 1818 Σαφὴς
1228 1737 1257 1796 δλ
1274 1737 1320 1796 καὶ
1333 1729 1404 1804 οὗτος
1423 1737 1469 1796 καλ
1490 1735 1674 1813 κεφαλαιώδης
1688 1737 1751 1796 κατὰ
1763 1736 1789 1795 τό

229 1860 300 1897 aar.
316 1837 372 1896 Sed
381 1856 417 1895 ne
428 1835 524 1894 dolori
537 1835 689 1910 indulgeas
698 1836 897 1914 temporisque
908 1855 971 1894 cre·
1018 1833 1092 1892 ίκτον
1102 1833 1150 1904 τὴν
1162 1833 1257 1914 φροίσιν
1269 1833 1395 1910 μάλιστα.
1405 1832 1590 1893 Mirabilium
1602 1834 1788 1891 collectionem

188 1953 240 2014 pes
258 1932 409 2011 injuriam.
432 1929 579 1988 iacturam
599 1930 673 1988 ierre
685 1931 753 1989 licet
772 1930 876 1988 levius.
893 1930 974 1990 Peri·
1018 1942 1128 2007 spectat
1137 1926 1254 1987 Taetzes
1269 1930 1301 1986 in
1312 1928 1388 1989 (nit.
1406 1927 1633 2003 v111,sa7‚ubi
1651 1929 1724 1986 inter
1743 1947 1789 1984 au-
1864 1969 1865 1974 ι

188 2030 255 2108 plus
277 2028 328 2086 ille
354 2026 460 2084 bonam
484 2039 595 2105 partem
619 2044 656 2083 ex
674 2044 762 2104 opere
786 2026 909 2084 selectus
930 2039 974 2084 est
1017 2035 1112 2083 ctores
1131 2024 1182 2101 qui
1202 2022 1351 2082 mirabilia
1364 2023 1453 2082 multa
1471 2035 1500 2080 et
1513 2023 1663 2082 mendacia
1676 2023 1790 2080 tradide·
1864 2031 1865 2044 ¹

183 2124 268 2200 quod
287 2121 427 2181 babemus
448 2122 594 2196 integrum
605 2119 663 2198 (⁰).
672 2119 787 2178 Etenim
797 2120 834 2179 de
844 2119 973 2193 lontibus
1019 2120 1088 2192 rint,
1101 2141 1166 2179 cum
1179 2120 1288 2198 Ctesia,
1301 2118 1450 2194 Jambulo,
1464 2119 1609 2197 Rhegino,
1623 2119 1788 2189 Alexandro,

185 2221 250 2277 suis
262 2217 427 2276 Marcianus
434 2217 466 2275 iu
475 2216 621 2292 protentio
631 2214 702 2274 libri
711 2215 800 2293 primi
813 2217 853 2274 ita
862 2214 950 2274 habet
965 2237 971 2272 :
1018 2215 1153 2293 Sotione,
1170 2215 1337 2292 Antigono,
1355 2215 1493 2288 Eudoxo,
1519 2215 1720 2294 Hippostrato,
1731 2215 1790 2274 aliis

189 2315 251 2373 Τῶν
266 2311 293 2371 δί
307 2313 429 2370 όικεανῶν
445 2309 575 2391 ἑκατέρων
590 2315 636 2368 τοῦ
653 2333 682 2368 τε
696 2309 762 2390 ίῴου
776 2309 879 2370 καὶτοῦ
894 2313 973 2369 ίσπε-
1019 2327 1208 2376 recensentur
1234 2314 1249 2370 δ
1273 2311 1500 2391 Πρωταγόρας
1529 2311 1607 2378 αθτός
1631 2335 1659 2370 τε
1684 2311 1735 2387 ἅμα
1750 2309 1791 2368 καί

186 2399 311 2487 ,ρίουίῶν
324 2406 371 2479 τὴν
386 2407 484 2478 είδησιν
497 2409 523 2473 ές
540 2405 599 2465 door
612 2403 715 2485 ίφιιετδν
735 2404 974 2486 ἄνθρόιποιςὴτῶν
1020 2409 1195 2484 Πτολεμαῖος.
1221 2406 1255 2464 ln
1280 2406 1409 2484 ejusdem
1430 2405 1543 2466 'l'zetzae
1569 2405 1688 2466 scholiis
1701 2405 1745 2466 ad.
1762 2405 1789 2466 lt.

188 2507 293 2564 πολλῶν
309 2503 409 2575 σπουδὴ
428 2502 474 2560 καί
495 2499 639 2583 φιλομαθία
653 2504 726 2581 σαφῆ
747 2499 909 2572 κατέστησεν
922 2499 930 2579 J
944 2503 975 2560 lx
1019 2521 1137 2562 versum
1159 2521 1205 2581 ap.
1220 2500 1351 2562 Cramer.
1373 2502 1484 2561 Anecd.
1504 2503 1560 2560 Ox.
1577 2501 1631 2576 tlt,
1645 2522 1674 2580 p.
1691 2503 1753 2573 370,
1774 2521 1788 2556 α
1864 2547 1865 2556 ,

188 2606 235 2672 τῆς
248 2598 412 2679 γεωγραφίας
434 2603 479 2658 τοῦ
500 2598 634 2658 θειοτάτου
650 2597 696 2656 καί
722 2596 873 2678 σοφωτάτου
888 2601 972 2659 Πτο-
1020 2599 1126 2674 legitur
1150 2599 1355 2678 εΠρωταγόρας
1371 2601 1385 2656 ό
1400 2597 1560 2678 περιηγητὴς
1575 2599 1619 2658 καὶ
1641 2597 1792 2673 Πτολεμαῖος
1864 2617 1865 2620 ’

189 2695 331 2773 λεμαίου
358 2693 389 2754 ἔκ
413 2718 442 2752 τι
464 2698 510 2765 tiis
537 2691 769 2772 Πρωταγόρου
793 2696 846 2752 τῶν
860 2693 974 2752 σταδίων
1019 2695 1203 2771 Διονύσιος,ίιι
1214 2695 1335 2772 quibus,
1346 2695 1433 2753 modo
1444 2709 1520 2754 recte
1532 2694 1792 2753 Crameruscodicis
1864 2754 1865 2775 γ

191 2793 404 2870 όναμετρήσεοις,
416 2790 449 2862 ἣν
460 2797 512 2855 τοῖς
520 2787 622 2854 οἰκείοις
632 2792 679 2861 τῆς
690 2787 854 2869 γεωγραφίας
866 2787 975 2866 βιόλίοις
1021 2793 1174 2850 lectionem
1196 2791 1344 2868 exhibeat,
1367 2793 1436 2850 latet
1459 2792 1609 2851 mendum.
1633 2792 1663 2850 Si
1687 2793 1792 2866 ignotus
1864 2803 1865 2860 ζ

190 2889 381 2968 προστέθεικεν,
403 2888 441 2946 ίτι
459 2884 510 2964 μὴν
531 2886 577 2944 καί
597 2884 693 2966 ίτέρων
711 2885 842 2947 πλείστων
857 2886 975 2966 ἀρχαίων
1020 2888 1107 2947 nobis
1124 2888 1295 2947 Ptolemaeus
1317 2888 1436 2965 quidam
1456 2887 1612 2959 indicatur,
1634 2888 1689 2963 legi
1710 2886 1792 2964 possit

188 2986 300 3061 ἀνδρῶν,
310 2983 354 3041 τὸν
367 2982 510 3063 περίπλουν
525 2981 678 3062 ἀναγράψαι
691 2980 878 3061 προειλόμεθα.
895 2980 975 3040 lutet·
1020 2984 1034 3040 ό
1048 2981 1200 3056 Διονυσίου;
1217 2982 1266 3041 sed
1278 2982 1377 3041 neseio
1391 3002 1428 3040 an
1443 2981 1632 3041 scribendum
1645 2983 1682 3041 sit
1692 2980 1791 3048 Χέννοι,

191 3080 246 3139 hos
264 3080 384 3157 quinam
396 3079 507 3137 fuerint
521 3075 603 3157 ἕτεροι
618 3076 792 3152 πλεῖστοι,
803 3097 840 3136 ue
851 3078 974 3136 Marcia·
1020 3099 1086 3140 nam
1103 3079 1274 3139 Ptolemaeus
1287 3080 1503 3139 Alexandrinus
1513 3079 1726 3155 grammaticus,
1742 3076 1792 3133 lie·

192 3196 247 3234 nus
257 3174 374 3253 quidem
391 3174 490 3233 dicere
504 3172 639 3252 potuerit.
659 3172 825 3248 Protagorae
842 3173 977 3232 meminit
1020 3176 1191 3255 phaestionis
1211 3176 1298 3245 iilius,
1317 3175 1606 3256 προσαγορευθείς
1620 3178 1635 3234 δ
1642 3174 1654 3232 ὲ
1668 3173 1792 3242 Kitron

191 3274 279 3331 etiam
291 3271 335 3349 ll,
352 3272 378 3344 5,
393 3292 421 3350 p.
436 3271 505 3343 543,
518 3269 571 3330 ubi
588 3269 650 3328 haec
661 3290 668 3328 ι
681 3267 761 3329 Ἐπεὶ
776 3268 803 3327 δὲ
820 3269 911 3328 πολλοὶ
923 3272 974 3328 τῶν
1021 3272 1140 3351 scripsit
1152 3272 1211 3352 rupi
1221 3270 1500 3351 παραδόξουίστορίας,
1512 3283 1585 3330 teste
1592 3272 1718 3331 Suidar.
1733 3272 1793 3329 Πτο-

190 3372 274 3426 ταῦτα
289 3366 322 3425 rt
338 3366 406 3445 μίρη
419 3364 649 3446 περιπλευοέντων
663 3364 724 3444 περὶ
736 3365 779 3423 τόν
798 3368 850 3423 τῶν
861 3366 974 3424 σταδίων
1020 3369 1141 3442 λεμαίος,
1156 3372 1215 3427 sive
1235 3366 1294 3448 περί
1305 3372 1352 3441 τῆς
1363 3370 1398 3435 είς
1412 3368 1578 3445 πολυμαθίαν
1591 3371 1680 3439 καινῆς
1690 3363 1794 3443 ἱστορίας

192 3464 300 3544 τἰριθμδν
316 3464 540 3542 διεσφαλησαν,...
564 3463 671 3520 διπλοῦν
685 3464 719 3528 ὡς
739 3461 836 3519 ίπίπαν
854 3462 897 3519 τὸν
916 3464 975 3541 ripr-
1020 3462 1111 3542 λόγους
1120 3462 1157 3541 ἕξ,
1171 3466 1330 3524 secundnm
1345 3464 1483 3524 Photium
1494 3464 1569 3525 bibl.
1582 3466 1645 3527 cod.
1661 3484 1714 3539 190
1730 3462 1791 3539 (''').

191 3558 256 3634 θμδν
267 3561 319 3616 τῶν
332 3558 443 3617 σταδίων
462 3555 631 3637 προσγράψαι
644 3556 835 3635 προειλόμεθα,
850 3556 881 3614 τό
893 3580 922 3614 τε
937 3555 975 3632 μὴ
1062 3582 1130 3619 222.
1144 3559 1210 3619 Jam
1221 3575 1252 3621 ut
1266 3562 1335 3620 illuc
1347 3574 1486 3635 revertar,
1499 3562 1665 3623 Marcianus
1675 3558 1793 3618 fontibus

193 3655 283 3711 πλεῖον
301 3651 345 3710 καί
368 3651 398 3709 τὸ
424 3648 462 3728 μὴ
484 3650 626 3710 ἰλαττον...
648 3652 734 3711 Τοῦτο
756 3650 807 3739 γόιρ
828 3654 917 3730 σαφῶς
930 3651 977 3710 καὶ
1022 3657 1083 3714 suis
1094 3657 1134 3715 ita
1143 3676 1214 3715 usus
1225 3670 1279 3731 est,
1290 3669 1394 3734 utquae
1404 3656 1441 3715 ad
1454 3656 1791 3733 regionumdirisionem,

195 3746 376 3827 Πρωταγόρας
386 3748 413 3805 ἐν
425 3751 457 3827 τῇ
472 3745 630 3828 Γεωγραφίη
644 3745 756 3817 ποιησαι
769 3746 841 3804 δοκεῖ
853 3746 901 3818 τὴν
915 3749 976 3827 περί
1021 3750 1105 3821 lines,
1121 3751 1195 3824 loca,
1207 3750 1330 3822 fluvios,
1349 3765 1473 3824 montes,
1491 3752 1605 3810 insulas
1618 3756 1792 3829 pertinerent,

192 3842 252 3911 τοὺς
262 3842 381 3909 σταδίους
390 3842 491 3915 πλοίνην
502 3840 697 3920 ἐκπεφευγέναι.
708 3842 787 3914 Etli,
796 3845 845 3915 38,
855 3864 885 3923 ρ.
899 3844 974 3905 558ι
1021 3864 1038 3902 e
1052 3844 1210 3904 Ptolemaeo
1222 3859 1391 3919 assumeret,
1408 3865 1533 3923 eumque
1547 3846 1578 3904 in
1590 3846 1687 3904 multis
1697 3842 1792 3902 verbo·

192 3936 236 3996 Τδ
253 3935 280 3995 δὲ
296 3935 365 3995 κατδι
383 3935 459 4015 μέρος
480 3940 526 4008 τῆς
547 3936 702 4016 Σαρματίας
722 3937 976 4019 κεφαλαιωδέστερον
1022 3952 1105 3999 tenus
1124 3940 1327 4019 exscriberet(
1344 3942 1417 3999 adeo
1432 3956 1466 3999 ut
1486 3960 1589 3999 manca
1604 3960 1678 4019 saepe
1691 3938 1794 4017 possint

193 4032 331 4113 ἐτάξαμεν,
346 4031 383 4113 μὴ
400 4032 553 4113 προσθέντες
565 4035 624 4093 τῶν
632 4033 743 4093 σταδίαν
757 4034 801 4094 τόν
815 4034 924 4116 ἀριθμόν
938 4039 976 4116 τῷ
1022 4037 1171 4095 Ptolemaei
1197 4038 1297 4097 verbis
1324 4038 1494 4114 resarciri),
1523 4039 1709 4097 stadiasruum
1730 4052 1793 4091 rero

191 4128 235 4188 τὸν
254 4129 352 4208 σἰκριόῆ
369 4129 514 4208 περίπλουν
534 4132 580 4188 τοῦ
602 4131 726 4209 όρκτικοῦ
745 4129 836 4189 τούτου
859 4131 976 4189 ὠκεανοῦ
1023 4134 1212 4209 eProtagora
1228 4148 1421 4195 mutuaretur.
1446 4134 1558 4204 Quodsi
1582 4133 1727 4212 exceperis
1737 4148 1794 4207 que

192 4225 286 4304 σχεδόν
301 4224 433 4302 ἄγνωστον
445 4223 620 4303 τυγχάνειν...
635 4224 743 4301 μάλισθ’
753 4222 795 4282 ότι
809 4224 855 4283 καλ
871 4230 885 4284 ὁ
899 4228 977 4306 Προι-
1022 4229 1054 4287 in
1075 4231 1218 4304 prooemio
1236 4230 1272 4288 de
1286 4228 1368 4289 orbis
1388 4244 1530 4289 terrarum
1554 4244 1583 4289 et
1606 4232 1691 4289 trium
1711 4226 1795 4287 conti·

191 4318 304 4400 ταγόρας
317 4317 647 4400 παραλελοιπέναιτοότων
661 4321 713 4377 τῶν
729 4319 841 4378 σταδίοιν
858 4321 902 4379 τόν
915 4323 975 4400 epi·
1023 4325 1153 4383 nentium
1178 4326 1322 4385 mensuris
1343 4346 1379 4384 ex
1403 4325 1604 4398 Eratosthene,
1622 4322 1794 4385 Artemidoro

221 4485 252 4545 (Ἴ
267 4485 403 4535 tiolstenius
412 4488 455 4547 ttp.
471 4484 537 4534 laud.
551 4484 581 4534 ad
595 4486 693 4535 noireto.
710 4487 971 4548 :circumtegentes
985 4488 1133 4551 singulorum
1148 4490 1222 4539 terme
1232 4490 1344 4553 capitum.
1359 4512 1369 4535 ν
1382 4492 1494 4542 Pluribus
1506 4492 1537 4541 de
1553 4492 1590 4541 tiis
1601 4490 1662 4540 dixit
1676 4492 1701 4540 tt.
1716 4483 1791 4539 Fabri·

190 4558 245 4604 cius
255 4556 280 4604 in
289 4556 370 4605 libello
385 4570 459 4619 quern
471 4556 612 4619 inscripsit:
626 4559 754 4607 actiones
766 4560 923 4609 Marciam
935 4557 1032 4607 Dresde
1049 4564 1116 4610 tete.
1132 4565 1155 4611 8.

222 4626 268 4686 θ’)
278 4628 385 4677 Gussetin
396 4627 471 4678 itecit.
484 4641 532 4679 rur
546 4629 575 4677 to
585 4628 783 4691 ρεοσωγείέιιι.
794 4632 837 4689 til,
850 4643 874 4692 p.
889 4634 930 4679 tot
944 4646 951 4677 ι
963 4646 976 4671 ι
986 4632 1088 4681 numne
1098 4630 1236 4693 taisonspm
1250 4644 1323 4695 usage
1332 4631 1375 4681 des
1385 4632 1504 4683 distances
1516 4632 1621 4683 denudes
1630 4644 1671 4694 par
1683 4623 1793 4689 irretivit
1864 4634 1865 4637 ’

191 4697 222 4745 de
237 4699 276 4745 eet
288 4702 382 4756 auteur,
395 4710 467 4759 parce
481 4711 530 4761 que
544 4712 589 4749 son
601 4700 668 4748 terte
685 4700 723 4747 est
742 4698 806 4760 ptein
818 4700 849 4749 de
860 4699 967 4759 lacones,
989 4698 1019 4749 de
1031 4702 1221 4764 transposition,
1236 4704 1260 4751 et
1279 4703 1398 4752 d'erreurs
1414 4702 1474 4752 daus
1488 4700 1523 4752 ies
1538 4702 1642 4751 chiiires.
1660 4697 1756 4749 Murciett
1766 4694 1792 4753 (t)

191 4768 268 4828 parsit
282 4766 350 4816 avoir
366 4766 445 4816 reduit
454 4768 476 4817 Ιε
492 4768 636 4829 graduatiou
652 4767 682 4817 de
695 4768 817 4818 Ptolemee
827 4783 858 4819 en
874 4768 963 4826 stades,
976 4770 1023 4821 etii
1037 4784 1066 4821 ne
1076 4774 1148 4822 serait
1164 4773 1350 4837 pasimpossibte
1359 4773 1389 4823 de
1402 4772 1500 4821 retabtir
1511 4784 1569 4822 aree
1578 4785 1626 4821 une
1635 4774 1696 4819 sorte
1704 4768 1793 4815 d'exre·

190 4835 269 4886 titude
279 4848 328 4885 une
343 4835 433 4897 grande
448 4839 568 4898 partiede
580 4853 623 4889 son
636 4842 702 4888 terte
715 4840 793 4888 :mais
804 4838 827 4889 le
846 4841 929 4890 travail
943 4842 1101 4905 qu'eriperait
1112 4849 1174 4893 cette
1185 4845 1309 4905 operation
1319 4844 1476 4906 surpasserait
1493 4846 1618 4905 beaucoup
1627 4840 1716 4892 i'utitite
1726 4835 1792 4899 qu’un

191 4908 300 5026 poqrrlplit
314 4921 345 5027 ep
356 4907 450 5027 reptirlq,
463 4922 537 5026 φρασα
550 4910 622 4972 qu’eu
632 4909 740 4959 derniere
748 4911 857 4971 analyse,
871 4925 905 4960 οιι
916 4912 1086 4963 n’obtiendrait
1100 4913 1185 4975 guerus
1194 4914 1300 4965 d'autres
1310 4915 1423 4964 resultats
1434 4926 1482 4977 que
1491 4928 1553 4964 ceux
1565 4928 1613 4978 que
1624 4926 1683 4963 nous
1693 4910 1793 4961 dounrrrt

200 4991 259 5027 rsa
285 4992 311 5028 es
341 4991 355 5027 e
400 4992 415 5025 o
439 4991 462 5025 m
493 4998 522 5025 ,ι

224 5047 282 5107 (Μ)
298 5048 367 5098 Vixit
384 5046 479 5108 Traiani
494 5050 520 5097 et
531 5046 643 5099 Hadriani
657 5022 816 5112 temporibus,
826 5052 854 5099 ut
865 5050 952 5100 suidas
968 5052 1001 5101 aii
1016 5065 1038 5099 r.
1053 5055 1210 5116 Πτολεμαῖος,
1228 5053 1263 5103 rel
1276 5054 1356 5117 potius
1367 5055 1404 5103 ἐπὶ
1422 5055 1527 5116 Νέρωνος
1541 5056 1580 5102 καὶ
1595 5054 1660 5115 μέχρι
1670 5048 1755 5110 nerea.
1767 5040 1792 5091 ¹¹²

190 5118 253 5167 idom
266 5117 340 5168 habet
356 5131 379 5167 ν.
399 5118 573 5181 Ἐπαφρόδιτος.
590 5124 702 5170 ceterum
716 5122 876 5171 Ptolemaeum
891 5123 964 5171 istum
977 5136 1024 5173 non
1043 5124 1116 5173 alium
1131 5137 1181 5174 esse
1191 5137 1205 5171 a
1217 5125 1317 5175 Oiaudio
1336 5125 1475 5186 Ptolemaeo,
1487 5126 1529 5188 qui
1548 5136 1594 5175 uua
1607 5136 1661 5172 curn
1674 5124 1792 5177 Protagora

188 5188 255 5250 apud
272 5190 418 5239 Marcianum
429 5191 590 5253 componitur,
604 5192 702 5254 putabat
726 5192 849 5243 Fabricius
862 5194 877 5242 Ι.
889 5194 905 5243 l.
921 5208 944 5255 p.
958 5199 1012 5245 371.
