3775 5750
219 297 243 399 n
853 419 857 430 Ι
912 333 1128 395 rnnrano.

220 485 308 544 ueut
326 474 466 541 minuta
483 469 543 541 illa
559 470 689 565 scripta
706 467 840 564 quibus
856 467 972 562 capita
995 465 1159 563 quaedam
1179 480 1280 535 tanto
1303 465 1436 560 majore
1460 464 1645 560 diligentia
1668 479 1704 535 et
1720 488 1831 534 accu-

218 596 357 665 ratione
378 608 651 692 pertractantur,
665 615 739 686 quo
754 589 971 660 arctioribus
986 589 1151 659 materies
1169 585 1305 659 linibus
1324 588 1595 684 circumscripta
1610 565 1674 658 εει.
1691 587 1831 658 Beatis-

219 719 308 788 sima
323 742 449 788 eorum
474 716 579 812 copia
602 729 741 786 veteres
762 711 1011 800 abundabant,
1032 736 1099 782 nec
1123 734 1238 807 pauca
1263 710 1372 781 nobis
1401 710 1547 782 fortuna
1571 711 1654 781 lecit
1674 710 1831 804 reliqua.

217 845 304 926 Quae
323 841 461 912 etiamsi
474 838 653 910 librorum
663 861 748 906 mss.
765 835 844 906 latis
859 836 997 931 iniquis
1006 835 1162 930 pessime
1178 849 1264 906 sunt
1278 833 1416 921 allecta,
1427 833 1483 904 vel
1493 835 1545 904 sic
1560 848 1694 922 tamen,
1706 857 1829 930 quum

218 963 373 1060 plurima
380 985 507 1032 eorum
524 961 579 1030 sui
595 959 736 1055 generis
752 972 894 1028 exstent
905 956 1445 1052 monumentaunica,pretium
1460 955 1597 1026 habent
1611 957 1830 1028 maximum.

268 1091 434 1158 Ceterum
456 1083 532 1154 haec
547 1081 721 1179 opuscula
736 1104 851 1178 quum
866 1079 1020 1150 minoris
1032 1079 1316 1150 ambitusessenl
1331 1103 1440 1176 quam
1453 1094 1493 1148 ut
1504 1078 1612 1172 justis
1626 1078 1832 1176 implendis

217 1207 467 1282 voluminibus
489 1203 706 1290 sullicerent,
717 1203 790 1298 jam
807 1203 1009 1299 aritiquitus
1022 1227 1101 1272 mos
1111 1217 1186 1272 erat
1195 1201 1385 1298 complura
1400 1203 1438 1271 in
1455 1227 1572 1272 uuum
1587 1227 1829 1301 componere.

217 1337 259 1402 Et
280 1353 358 1428 qum
376 1327 427 1401 sic
449 1327 487 1398 in
504 1321 694 1398 codicibus
712 1325 844 1396 nostris
856 1317 983 1418 juncta
1007 1338 1216 1412 occurrunt,
1234 1322 1361 1395 eadem
1375 1323 1544 1394 societate
1560 1325 1653 1421 typis
1671 1326 1832 1422 repetie·
1868 1326 1869 1333 ’

217 1469 305 1524 runt
319 1454 427 1550 primi
442 1447 765 1549 geograpliioorum
775 1448 931 1519 editores
949 1449 1382 1519 Srotsununnanaemus
1394 1463 1430 1518 et
1443 1451 1563 1518 Davrn
1573 1454 1832 1518 Hoescuscrus.

217 1582 382 1663 Quorum
407 1575 467 1646 ille
492 1599 550 1646 an.
579 1571 667 1644 1533
686 1597 706 1642 e
724 1571 850 1643 codice
870 1570 1033 1641 Palatino
1051 1567 1165 1640 edidit
1183 1570 1322 1640 Arriani
1346 1583 1383 1641 et
1403 1572 1592 1641 Hannonis
1609 1569 1772 1668 periplos
1797 1586 1834 1641 et

219 1697 400 1771 Plutarchi
423 1697 468 1768 de
493 1695 613 1768 fluviis
638 1691 801 1764 libellum
821 1707 856 1763 et
877 1694 1062 1790 epitomen
1093 1689 1445 1790 Strabonianam(1),
1465 1692 1688 1765 lloeschelius
1704 1707 1832 1764 autem

218 1847 275 1894 au.
292 1813 1210 1913 1600ecodicisPithoeaniapographisliervortiano
1221 1816 1604 1913 etPalatinoproduxit
1615 1821 1832 1913 Scymnum,

218 1966 324 2040 quem
336 1959 478 2032 vocant,
492 1943 725 2027 Marcianum,
742 1937 936 2036 Scylacem,
952 1937 1209 2027 Dicaearchum,
1224 1937 1406 2011 isidorum
1417 1941 1480 2035 (a).
1493 1941 1570 2029 iiis,
1581 1957 1620 2010 ut
1633 1963 1711 2010 sors
1721 1941 1835 2012 obtu-

218 2067 324 2152 lerat,
347 2065 384 2135 in
407 2061 526 2134 lucem
546 2061 706 2148 emissis,
733 2058 902 2157 proclivis
922 2073 997 2128 erat
1022 2059 1191 2154 cogitatio
1210 2058 1256 2130 de
1275 2060 1374 2154 justo
1391 2059 1649 2133 concinnando
1669 2065 1833 2157 Geogra·

217 2188 375 2284 phorum
390 2197 621 2280 syntagmate.
636 2183 775 2252 Primus
793 2181 831 2252 id
847 2179 1043 2251 consilium
1059 2180 1141 2250 iniit
1156 2179 1272 2252 Lucas
1289 2185 1525 2272 ilonsreurus,
1542 2183 1755 2282 multiplicis
1774 2187 1834 2255 vir

219 2309 403 2395 doctrinar,
425 2303 553 2398 judicii
563 2307 714 2393 subacti,
732 2303 920 2375 indefessae
933 2301 1140 2400 diligentiae.
1158 2307 1417 2378 Verumtamen
1432 2323 1626 2406 postquam
1641 2307 1834 2406 copiosam

219 2433 268 2503 rei
294 2428 457 2526 gerendae
478 2426 737 2524 supellectilem
760 2453 780 2497 e
803 2425 1036 2497 bibliothecis
1054 2419 1261 2515 Britanniae,
1285 2412 1427 2518 Galliae,
1453 2430 1558 2500 ltaliae
1582 2430 1774 2527 collegerat
1796 2446 1833 2501 et

216 2557 289 2652 jam
306 2568 487 2651 peregerat
503 2565 641 2649 partem
657 2541 803 2637 laboris,
820 2574 904 2621 mox
921 2549 968 2620 ad
983 2548 1052 2620 alia
1072 2552 1215 2646 negotia
1232 2551 1372 2623 delatus
1389 2568 1592 2651 susceptam
1603 2555 1834 2651 pmvinciam

219 2677 376 2770 deseruit
391 2673 452 2768 (3).
469 2673 660 2770 Aliquanto
669 2675 917 2770 postlacoeus
932 2676 1145 2742 Gnouovrns
1155 2670 1250 2744 libro
1265 2675 1328 2769 qui
1349 2673 1598 2772 (lengruplticn
1611 2675 1763 2773 antique
1775 2676 1834 2746 in-

213 2799 388 2871 scribitur
401 2799 465 2894 (hl,
480 2812 651 2893 qtrnttuor
666 2795 780 2866 edidit
797 2793 972 2891 opuscula
987 2796 1073 2891 (an.
1096 2795 1184 2895 1697
1195 2796 1221 2886 l.
1243 2796 1357 2867 lllulto
1370 2771 1507 2893 majora
1518 2796 1646 2869 eodem
1665 2812 1835 2897 tempore

252 2974 273 3013 l.
285 2966 406 3027 Ἀρριανοῦ
417 2964 541 3027 nepinlour
552 2963 658 3019 Εὐξείνου
672 2962 768 3010 πόντον.
781 2964 830 3011 Τοῦ
839 2959 1042 3023 omnisapientem
1051 2967 1091 3018 τῆς
1108 2957 1218 3024 Ἐρυθρᾶς
1235 2961 1361 3020 θαλάσσης.
1374 2963 1485 3019 Ἄννωνος
1498 2965 1621 3027 napinltour
1637 2965 1732 3022 alume.
1751 2966 1835 3014 Πλου-

213 3036 305 3099 Ιιιὶρχοο
314 3036 365 3097 rupi
373 3040 486 3096 ποταμῶν
495 3036 535 3083 nai
546 3034 615 3097 ὀρῶν.
630 3034 742 3095 Ἐπιτομὴ
749 3038 795 3083 τῶν
803 3035 847 3083 τοῦ
860 3033 996 3095 anitum
1008 3039 1185 3094 hiltiwardi·
1199 3037 1307 3083 arriani
1324 3039 1352 3083 et
1366 3038 1506 3085 aenaeae
1518 3038 1647 3099 Periplnt.
1666 3037 1835 3087 Plutarchus

212 3106 414 3169 destrunlnibus
424 3108 449 3155 et
459 3106 597 3155 montibus.
612 3104 747 3155 strabonis
757 3106 873 3166 epitome.
890 3104 1000 3154 Froben.
1011 3105 1120 3153 basilea
1132 3116 1201 3153 enno
1213 3106 1396 3155 mcxxxiii.
1409 3105 1484 3153 in-t⁰.

249 3182 272 3226 a.
289 3174 466 3238 Geeqropltlce
487 3176 620 3226 Marciam
638 3176 806 3235 Heracletus,
824 3172 938 3235 ¹testaceis
958 3172 1159 3235 domnamaria,
1176 3170 1333 3222 artemidori
1350 3172 1466 3236 ephesli,
1481 3173 1626 3225 choeomill
1638 3176 1769 3238 timenti,
1785 3181 1834 3227 tsi·
1868 3229 1869 3244 χ

213 3247 276 3297 dett
289 3246 446 3299 Characeni.
462 3249 555 3296 οοιιιιο
565 3258 634 3295 nunc
649 3247 882 3307 pumannum
903 3244 1048 3295 Dicenrcltl
1065 3242 1152 3301 lllo,o
1171 3240 1271 3291 Doride
1284 3242 1424 3294 Hoesehelio
1438 3248 1501 3305 am.
1518 3258 1552 3295 ec
1566 3248 1738 3309 nmnuscttpl.
1755 3245 1833 3297 codd.

185 3350 189 3357 .
218 3314 302 3376 edila,
313 3318 434 3377 amitere
448 3314 648 3374 Vindelicos-am,
661 3314 696 3364 ed
705 3317 804 3377 langue
814 3318 902 3378 pinita.
919 3316 983 3363 cum
991 3315 1132 3376 priuilegio
1144 3316 1205 3365 cea.
1217 3319 1351 3378 perpetuo.
1365 3320 1447 3368 dibu
1464 3318 1535 3368 ἰο-ιθ.

250 3396 272 3437 a.
288 3388 414 3437 bahanem
428 3385 514 3435 edendi
525 3386 684 3449 synopsim
695 3385 833 3435 llolstenius
843 3384 958 3447 exposuit
971 3384 995 3433 in
1010 3385 1086 3447 Epist.
1098 3384 1130 3435 ad
1144 3386 1286 3435 ademtam
1300 3386 1310 3448 (
1323 3386 1357 3437 lll
1366 3387 1401 3436 ld.
1412 3386 1482 3436 Febr.
1493 3400 1532 3437 ιο.
1546 3391 1606 3437 tcttl
1615 3388 1633 3450 ).
1646 3390 1713 3450 opus
1726 3387 1834 3438 medita·

218 3459 290 3508 batur
301 3456 460 3519 tripartitum,
482 3457 515 3503 ila
535 3460 562 3504 ut
574 3457 650 3517 prima
661 3466 716 3517 pars
735 3458 793 3503 rell.
811 3456 1001 3516 geographorum
1014 3456 1135 3505 minorum
1151 3457 1267 3519 opuscula
1279 3457 1413 3507 contineret
1425 3457 1523 3519 viginti,
1539 3458 1614 3506 altera
1627 3471 1711 3508 omncs
1719 3461 1837 3507 auctores

218 3528 260 3591 qui
277 3528 310 3577 de
326 3526 385 3577 urbs
398 3530 472 3589 atque
492 3526 592 3587 imperio
605 3523 869 3586 constantinopolitano
883 3525 1040 3588 scripserant,
1054 3528 1125 3577 tertia
1138 3527 1306 3589 geographiam
1317 3538 1418 3577 moram.
1436 3551 1467 3565 -
1479 3531 1565 3578 Parsa
1584 3538 1671 3578 asarta
1687 3540 1816 3580 cremum
1828 3550 1834 3577 :

220 3606 241 3647 t.
252 3597 372 3648 liicilaelis
386 3597 455 3646 Pselli
472 3596 516 3657 (in
532 3596 584 3645 aliis
596 3594 666 3644 codd.
683 3593 808 3657 llicepitori
820 3593 962 3643 Blemmidn
976 3596 985 3655 l
1001 3610 1082 3658 opusc.
1096 3597 1127 3646 de
1141 3602 1210 3645 terne
1221 3596 1279 3655 situ,
1291 3596 1367 3657 figura
1378 3602 1402 3647 et
1414 3598 1584 3660 magnitudine.
1597 3625 1629 3634 -
1640 3604 1663 3648 t.
1677 3598 1835 3662 Ἀναθημέρου

218 3674 260 3719 τοῦ
271 3670 389 3734 'Opimam
398 3667 544 3731 γεωγραφίας
555 3666 712 3722 morinense-
722 3694 751 3707 -
766 3673 789 3716 a.
799 3664 932 3727 Ἆνωνύμοο
943 3665 1093 3723 deminuere
1103 3666 1250 3730 γεωγραφίας
1259 3666 1284 3715 ἐν
1294 3666 1407 3730 mireum.
1416 3692 1447 3703 -
1456 3672 1479 3717 t.
1492 3674 1631 3730 anonymus
1638 3668 1668 3718 de
1675 3668 1836 3719 describenda

215 3747 282 3791 tem
291 3742 315 3791 in
324 3741 403 3803 globo.
417 3766 448 3775 -
460 3745 483 3789 i.
499 3739 612 3790 itaroianl
624 3738 771 3788 Heracleote
788 3736 907 3801 πιρὶπλων
926 3736 980 3785 libri
994 3740 1025 3787 lt.
1037 3764 1068 3773 --
1082 3744 1106 3787 a.
1116 3738 1260 3787 anemtdort
1279 3737 1454 3799 [inbecillis.
1468 3738 1581 3800 itenlppi,
1596 3742 1624 3787 ul
1638 3740 1687 3801 ipse
1702 3741 1733 3789 ii.
1749 3744 1836 3801 postea

222 3811 282 3861 sidit
293 3812 302 3871 l
315 3812 431 3874 epitomes
444 3810 613 3873 fragmentum.
628 3836 660 3850 -
669 3816 692 3860 7.
709 3806 829 3869 Anonymi
843 3808 921 3871 poeta
933 3807 1068 3870 πιριήγησις
1084 3802 1113 3855 ad
1125 3806 1279 3859 Nicomeden
1301 3820 1389 3869 regem
1404 3838 1433 3852 ·-
1453 3810 1476 3857 t.
1503 3808 1589 3870 scylax
1601 3809 1784 3872 caryandeosia
1804 3840 1836 3852 -

219 3886 243 3931 s.
261 3882 385 3931 liannonls
396 3880 509 3943 periplus.
518 3904 549 3916 ·-
564 3885 601 3929 itt.
613 3877 746 3929 bicrearobi
757 3877 886 3940 descriptio
894 3878 1005 3927 Graecite.
1015 3901 1047 3921 -ι
1058 3883 1093 3925 tt.
1105 3877 1212 3940 Dionysii
1224 3880 1330 3941 Byzantii
1340 3879 1458 3936 ἀνάπλους
1470 3879 1568 3941 bospori
1578 3880 1682 3931 Thracii.
1693 3910 1725 3922 -
1738 3889 1776 3932 ta.
1790 3886 1836 3934 Pe·

219 3952 250 4001 tri
262 3951 326 4014 ertit
342 3951 529 4001 commentarius
542 3949 567 3999 in
580 3950 729 4012 Dionysium.
743 3978 774 3991 -
786 3954 822 3998 lt.
842 3948 934 3998 arrian
945 3947 1050 4011 periples
1065 3948 1143 3999 Ponti.
1154 3974 1185 3983 —
1197 3952 1232 3997 tl.
1245 3951 1364 4011 anonymi
1379 3963 1429 4012 per.
1446 3950 1527 3999 Ponti.
1541 3978 1570 3993 -
1587 3958 1623 4001 tt.
1635 3950 1836 4004 Pseudo-arriani

219 4034 270 4085 per.
285 4022 357 4071 maris
370 4020 499 4083 Erythrai.
512 4050 543 4063 -
555 4026 591 4070 ltl.
603 4020 687 4071 Isidori
698 4022 771 4070 char.
786 4020 921 4069 mansiones
932 4021 1057 4069 Parthico.
1072 4045 1104 4057 -
1120 4024 1159 4070 17.
1172 4017 1272 4068 Palladii
1284 4022 1409 4082 columam
1423 4020 1529 4070 sacratio
1540 4020 1571 4070 de
1588 4020 1653 4071 indis
1661 4023 1686 4071 st
1700 4023 1836 4073 aramma-

218 4093 264 4143 nis.
274 4122 303 4135 -
318 4098 355 4141 te.
368 4092 487 4155 Anonymi
501 4092 625 4155 perlegeris
638 4092 704 4141 orbis
715 4094 843 4151 terrarum,
857 4089 959 4138 barbaro
969 4090 1034 4153 stylo
1047 4103 1079 4140 ex
1096 4092 1182 4141 urere
1195 4090 1219 4138 in
1232 4092 1342 4140 ubuum
1355 4104 1478 4142 conversa.
1493 4117 1525 4129 -
1540 4096 1577 4141 ill.
1596 4091 1697 4142 Gemini
1709 4092 1837 4145 Piethonis

219 4160 356 4213 emendatio
367 4174 476 4212 errorum
488 4164 580 4224 aliquot
595 4162 727 4211 strabonis.
744 4192 774 4205 -·
795 4166 833 4211 to.
850 4158 975 4211 Strabonis
988 4162 1106 4223 Epitome.
1129 4190 1160 4205 -
1174 4163 1240 4211 t‘ans
1254 4174 1381 4211 samana:
1400 4170 1419 4214 t.
1435 4161 1547 4224 tlesychii
1559 4164 1589 4211 t.
1614 4162 1714 4213 illustria
1729 4164 1836 4227 origines

219 4234 497 4298 comtantlnopolitane.
520 4263 550 4275 -
566 4239 587 4283 t.
609 4233 695 4283 codini
709 4235 873 4297 sanqutnte.
896 4258 925 4269 -
939 4236 963 4282 3.
989 4231 1107 4293 Anonymi
1129 4232 1239 4282 collectio
1259 4232 1430 4293 aphquitatum
1453 4233 1590 4289 Consum„
1616 4244 1688 4281 enas.
1706 4234 1788 4296 liegio.
1802 4262 1837 4273 -

219 4314 244 4357 t.
257 4309 323 4359 i‘anti
339 4301 467 4357 silentisrli
480 4304 601 4367 ecphrasls
613 4306 720 4355 emlesite
732 4308 756 4356 s.
774 4304 870 4369 Sophite
882 4303 993 4354 versibus
1005 4302 1107 4352 turcicis
1117 4303 1214 4364 scripta.
1227 4329 1258 4338 -
1271 4310 1293 4351 5.
1306 4304 1433 4365 Ecphmsis
1448 4302 1559 4352 ambonis
1574 4302 1681 4363 eiusdem
1692 4302 1776 4366 templi
1788 4318 1829 4355 eo

219 4380 275 4427 dem
287 4378 386 4427 sumere
400 4377 496 4426 heroico
511 4378 617 4426 oannine
626 4377 725 4439 scripta.
742 4402 773 4411 -
786 4384 810 4426 tl.
822 4376 885 4427 Petri
899 4374 965 4436 Gylii
975 4372 1104 4434 descriptio
1114 4372 1181 4420 urbis
1196 4374 1378 4435 dombalinop.
1389 4398 1419 4409 -
1433 4376 1457 4423 7.
1471 4376 1506 4423 be
1518 4372 1654 4434 regionibns
1667 4372 1733 4421 urbis
1745 4376 1794 4423 ct).
1807 4377 1836 4425 li·

221 4448 306 4496 bellns.
330 4472 361 4481 -
373 4450 396 4494 8.
418 4447 556 4497 limanuelis
575 4446 728 4510 cbrysoiora
743 4446 891 4508 comparatio
907 4445 995 4494 veteris
1010 4446 1036 4495 et
1047 4456 1116 4493 nore
1129 4446 1221 4492 Rome.
1238 4447 1317 4504 atque
1332 4444 1383 4492 hec
1398 4445 1429 4492 de
1441 4445 1492 4505 ipsa
1509 4446 1577 4495 urbe.
1592 4445 1732 4506 munem
1742 4447 1784 4507 qui
1801 4449 1837 4497 de

220 4522 328 4581 irnperio
340 4515 390 4567 cP.
403 4517 503 4581 eiusque
522 4520 652 4581 proviaciis
670 4520 786 4581 scripsere
800 4538 807 4568 :
821 4548 852 4561 -
872 4524 896 4568 9.
914 4514 1031 4568 tlicroclia
1049 4514 1204 4577 Σνύκδηςως.
1222 4538 1254 4549 -
1268 4520 1305 4563 ttl.
1325 4514 1478 4563 Constantini
1496 4514 1621 4563 Ttmmata
1634 4533 1666 4546 -
1687 4520 1724 4562 tt.
1736 4516 1835 4565 ttotitie

219 4588 410 4651 episcopatuum.
427 4614 458 4624 -
473 4589 654 4653 subiungantur
677 4590 799 4639 mantissae
822 4591 876 4639 loco
894 4587 954 4637 rarii
965 4592 1076 4635 auctores
1091 4586 1134 4648 qul
1147 4586 1178 4635 de
1197 4586 1318 4634 miraculis
1336 4585 1445 4634 locorum
1460 4586 1584 4649 scripsere.
1598 4610 1630 4620 -
1645 4588 1709 4635 Pars
1723 4600 1834 4637 rearis:

223 4668 244 4708 l.
262 4656 379 4709 Eusebius
390 4658 542 4709 cauriensis
554 4662 611 4723 Περὶ
621 4664 726 4711 τοπικῶν
739 4660 858 4721 ὀνομάτων
879 4664 926 4709 τῶν
944 4660 969 4708 ἐν
987 4662 1016 4720 τῇ
1025 4657 1077 4721 llslg
1089 4662 1176 4721 γραφῇ.
1190 4686 1220 4699 -
1232 4664 1254 4706 2.
1269 4656 1408 4718 Hieronymi
1424 4657 1482 4707 liber
1492 4658 1523 4707 dc
1534 4656 1673 4707 nominibus
1686 4658 1794 4708 beorum
1810 4662 1836 4709 in

219 4733 245 4780 s.
263 4729 396 4791 scriptura.
412 4755 443 4764 -
456 4736 477 4778 3.
497 4730 569 4780 Bede
581 4732 641 4781 liber
655 4730 685 4781 de
698 4730 835 4780 nominibus
849 4730 956 4779 locorum
975 4729 999 4777 in
1010 4730 1072 4778 actis
1085 4728 1263 4791 apostolorum.
1280 4755 1311 4768 -
1323 4731 1346 4777 t.
1362 4727 1473 4777 elicherii
1484 4727 1585 4790 epistola
1598 4727 1629 4775 ad
1644 4730 1761 4778 Faustum
1775 4743 1834 4792 pre-

220 4798 345 4859 sbyterum
358 4798 489 4847 insulamn
502 4802 535 4848 tte
546 4801 593 4848 situ
603 4800 704 4851 ludam.
715 4832 745 4842 -.
756 4820 768 4843 ι
782 4799 824 4850 Ηὶι
836 4799 959 4858 adderem,
974 4798 1113 4849 iiobtcnius
1127 4798 1170 4859 ait,
1185 4798 1328 4858 adamnani,
1349 4798 1429 4858 beda,
1446 4799 1567 4859 lioeltarti,
1584 4797 1707 4860 epiphanii
1719 4803 1834 4851 monachi

220 4874 245 4918 et
257 4870 358 4919 atior-rma
372 4870 536 4931 antiquiorum
549 4874 573 4919 et
585 4872 689 4922 melioris
704 4874 768 4922 nole
779 4874 907 4921 auctorum
922 4870 1105 4933 descriptiones
1121 4872 1206 4919 Terre
1219 4873 1336 4928 sanun,-
1350 4869 1408 4918 item
1418 4870 1450 4919 de
1461 4873 1532 4920 terra
1543 4868 1661 4918 divisone
1670 4871 1732 4919 inter
1744 4871 1835 4923 bberos

219 4943 270 4989 Noe
280 4953 308 4989 et
322 4940 417 4990 Ertsebii
431 4940 556 4989 chronicis
567 4944 591 4989 et
603 4942 723 4990 Clrronico
734 4942 894 4991 Alexandrino
908 4944 933 4991 el
943 4942 1038 4993 duobus
1049 4941 1155 5003 antiquis
1165 4941 1245 4989 latinis
1258 4941 1434 5002 interpretibus.
1447 4961 1458 4983 ι

231 5026 236 5039 ·
251 5015 274 5060 t.
292 5012 467 5074 Gcemupltlco
480 5014 600 5073 entique,
616 5012 662 5061 hoc
671 5015 730 5062 est:
745 5013 854 5075 scalocia
873 5013 995 5075 Periptus
1006 5016 1090 5062 marta
1105 5010 1298 5060 mediterranei.
1312 5015 1440 5074 anonymi
1449 5012 1569 5074 periples
1581 5010 1710 5061 ,ttoeotidis
1724 5014 1832 5073 potede

219 5085 245 5130 el
257 5084 333 5131 Ponti
350 5085 457 5131 Euxini.
478 5083 641 5144 apaliensi-t
656 5086 827 5145 proluposis
841 5084 1013 5145 geographie.
1027 5087 1120 5135 Ornata
1136 5084 1332 5133 dureo-lutino.
1347 5088 1472 5145 Anonymi
1488 5087 1626 5145 expositio
1641 5087 1720 5134 totius
1738 5088 1833 5135 inuncti

221 5152 317 5200 lutino.
336 5155 399 5201 cnut
420 5155 486 5201 notis
502 5156 586 5202 lsooci
604 5156 691 5208 licerit,
704 5156 762 5202 luc.
779 5154 914 5214 Puluterti,
927 5156 996 5203 Sunt.
1014 5155 1147 5215 Yeunnlil,
1163 5154 1255 5203 cliente
1265 5155 1360 5205 lumbo
1375 5158 1510 5215 tirunculo,
1523 5157 1597 5217 cuius
1611 5154 1737 5205 accedunt
1749 5169 1831 5206 emen·

221 5223 347 5273 dationes.
364 5220 482 5283 tundunt
494 5226 657 5274 Balarorum
668 5222 741 5287 apud
753 5224 899 5275 dordunum
915 5225 1083 5284 amimam,
1102 5226 1213 5278 1691.ιὶ
