3775 5750
201 370 241 413 rx
845 346 1149 407 Pnotuuonturti.

197 481 369 559 grandibus,
382 480 516 559 Neptuno
528 480 631 554 sacris,
638 498 711 556 quos
724 496 809 537 nemo
817 477 983 554 laedatipse·
1027 477 1085 553 ptis
1099 474 1270 551 Agatharch.
1286 473 1353 549 §85
1375 494 1402 550 p.
1427 473 1480 544 175
1500 477 1605 531 mentio
1619 475 1649 531 lit
1667 472 1816 533 Aristonis

197 598 256 657 que
278 592 378 637 auctor
397 597 428 635 se
451 577 559 635 vidisse
580 576 719 633 narravit.
741 575 785 631 be
808 574 982 631 Anaxicrate
1028 572 1062 627 ad
1077 570 1257 647 exploranda
1276 569 1391 627 Arabiae
1412 569 1499 627 litora
1518 570 1597 627 missi
1620 590 1636 626 a
1655 570 1817 628 Ptolemaeo

199 674 317 731 aliunde
331 692 390 731 non
411 684 539 743 constat,
555 670 613 728 nisi
629 670 702 727 sorte
725 667 782 726 huc
804 668 932 744 pertinet
944 668 980 739 is,
1030 665 1259 743 (Philadelpho,
1289 675 1319 721 ut
1338 676 1408 741 puto
1418 663 1449 739 θ’)
1463 666 1485 739 λ.
1508 665 1714 724 Artemidorus
1738 670 1815 742 apud

198 788 285 845 quem
302 766 427 825 urbibus
444 765 604 838 condendis
623 764 761 821 Seleucus
774 763 857 820 Soter
870 762 982 839 praele-
1029 760 1199 820 Strabonem
1212 782 1242 838 p.
1260 762 1317 835 769
1329 759 1463 836 Satyrum
1478 760 1653 819 Philoteram
1670 762 1821 820 condidis-

199 877 279 922 cerat
298 864 435 940 ('l'zetaes
459 863 531 920 llist.
554 860 623 933 tlt,
642 860 730 937 ιρις).
748 891 789 903 -
808 860 984 931 Pyrhagoroe
1029 876 1060 915 se
1071 869 1168 914 narrat
1179 854 1408 913 etaPtolerneeo
1422 854 1447 912 ll
1462 854 1624 930 ablegatum
1641 876 1705 915 esse
1717 857 1762 913 inl
1774 860 1821 924 τὴν

199 978 276 1035 opus
285 958 345 1036 περὶ
354 961 400 1027 τῆς
414 956 541 1034 Ἐρυθρᾶς
552 954 688 1021 θαλάσσης
704 953 840 1011 novimus
853 971 889 1010 ex
897 951 983 1009 Athe·
1032 950 1189 1027 διερεύνησιν
1200 952 1245 1017 τῆς
1262 950 1313 1005 τῶν
1325 947 1471 1025 ἐλεφάντων
1484 947 1564 1027 θήρας
1576 949 1621 1006 καὶ
1633 954 1679 1019 τῆς
1690 953 1820 1029 Τρωγλο-

199 1072 263 1109 naeo
277 1072 306 1129 p.
321 1054 387 1125 183,
401 1051 420 1107 i
436 1049 506 1127 tubi
516 1050 552 1107 de
560 1048 695 1126 pandura
703 1046 728 1103 T
731 1046 950 1123 roglodytarum
961 1044 982 1123 λ,
1030 1044 1143 1112 δυτικῆς.
1160 1042 1202 1099 Ex
1222 1042 1323 1099 eodem
1336 1042 1473 1102 novimus
1488 1042 1642 1102 Eumedem
1658 1044 1822 1101 Ptolemai-

198 1158 270 1223 etp.
285 1148 341 1215 634
359 1145 408 1226 (de
419 1143 604 1203 tetrachordo
619 1144 823 1211 instrumento,
836 1160 895 1217 quo
909 1141 985 1197 Tro·
1030 1140 1076 1197 dis
1095 1141 1145 1196 τῶν
1166 1142 1251 1218 θηρῶν
1277 1138 1468 1197 conditorem.
1500 1139 1595 1197 Porro
1614 1140 1822 1197 Philemonem

198 1242 458 1319 glodytaeutantur)
468 1253 496 1297 et
506 1239 611 1298 AEliaui
621 1238 694 1296 llist.
705 1238 802 1296 Anim.
814 1236 903 1307 llllll,
912 1238 929 1292 8
939 1236 985 1311 (de
1031 1236 1212 1314 preelectum,
1224 1235 1275 1311 qui
1285 1255 1301 1292 e
1311 1235 1450 1313 Toparon
1460 1235 1555 1312 insula
1564 1236 1678 1314 primus
1689 1256 1825 1311 gemmas

197 1357 279 1414 cepo.
296 1336 340 1394 Cl.
355 1337 456 1412 Agath.
477 1336 562 1411 575)
585 1348 613 1390 et
634 1332 724 1403 xvii,
746 1354 764 1407 9
781 1334 790 1408 t
805 1333 840 1389 de
856 1350 985 1389 onocen·
1031 1331 1067 1390 ad
1081 1332 1238 1389 Berenicen
1261 1330 1409 1388 Ptolemaei
1420 1329 1594 1413 [πτυστον
1616 1334 1724 1402 attulit,
1741 1336 1825 1410 apud

197 1434 302 1507 tauro).
312 1430 564 1507 Fuiththagoras
572 1430 621 1485 illc
633 1426 821 1505 Euphorione
829 1427 986 1503 antiquior,
1031 1428 1161 1486 Plinium
1175 1426 1275 1485 habes.
1290 1426 1373 1485 Alios
1389 1428 1470 1486 viros
1489 1428 1545 1485 huc
1560 1429 1741 1505 pertinentes
1752 1450 1826 1506 pro-

197 1545 251 1585 nec
264 1527 385 1583 sortasse
396 1526 531 1581 diversus
543 1544 559 1580 a
574 1522 740 1599 Pythagora
753 1526 901 1579 Proicuuei
911 1528 987 1594 regis
1032 1524 1105 1581 dunt
1127 1522 1247 1581 nomina
1264 1523 1441 1596 insularum,
1467 1536 1623 1601 portuum,
1641 1540 1827 1602 promonto-

195 1622 346 1697 praefecto,
361 1640 448 1697 quem
464 1638 581 1694 magnas
593 1637 722 1694 gemmas
734 1618 766 1675 in
777 1616 883 1675 insulis
897 1616 986 1673 uraris
1033 1619 1162 1688 riorum,
1181 1619 1378 1697 specularum,
1394 1619 1595 1691 venationum,
1614 1621 1824 1689 castellorum,

200 1718 285 1775 rubri
300 1730 365 1775 ante
380 1716 518 1774 Arabiam
528 1717 593 1773 sitis
606 1715 750 1793 reperisse
761 1713 860 1791 prodit
873 1713 988 1771 Plinius
1033 1714 1181 1783 stelarum,
1193 1732 1320 1769 ararum.
1333 1712 1381 1771 Sic
1391 1732 1428 1771 ex
1436 1713 1623 1771 Artemidoro
1631 1715 1662 1771 in
1671 1715 1738 1773 sinu
1749 1720 1827 1773 Ara·

199 1813 341 1883 llllllVll,
358 1836 394 1889 9.
417 1811 556 1870 Nonnulli
572 1813 724 1869 nominum
739 1810 930 1869 similitudine
943 1830 986 1868 se·
1033 1808 1100 1868 bico
1127 1823 1194 1867 nota
1208 1822 1275 1869 sunt
1297 1830 1304 1865 ε
1327 1808 1430 1888 Σούχου
1453 1809 1643 1889 ρροάριον(“),
1663 1812 1828 1887 Δημητρίου

200 1910 279 1967 ducti
294 1921 442 1967 censenta
459 1908 625 1985 Pythagora
642 1928 702 1965 non
721 1926 784 1965 esse
805 1906 987 1981 distinguen·
1033 1906 1140 1965 σκοπιαί
1151 1906 1227 1981 (ll'l,
1253 1904 1371 1971 Κόνωνος
1392 1906 1494 1983 βωμοί,
1514 1906 1617 1987 Κοράου
1631 1906 1753 1986 φρούριον
1779 1911 1828 1964 καὶ

200 2006 270 2063 dum
290 2008 495 2080 Orthagorom‚
515 2006 598 2082 cujus
613 2004 710 2069 Ἰνδοὺς
730 2004 821 2079 λόγους
848 2016 989 2061 memorat
1034 2002 1166 2077 κυνήγιον,
1181 2001 1325 2080 Ἀντιφίλου
1347 1999 1438 2077 λιμήν,
1460 2000 1592 2076 Εὐμένους
1606 2002 1699 2078 άλσος,
1717 2004 1827 2063 Φιλίπ-

199 2102 418 2174 AElittnusXVl,
443 2104 492 2174 35,
517 2120 662 2180 quemque
686 2100 721 2157 de
740 2099 869 2175 Ogyride
892 2100 989 2157 insula
1033 2120 1083 2155 που
1100 2102 1193 2167 νῆσος,
1217 2095 1388 2172 Πυθαγγὲλου
1403 2095 1535 2174 κυνήγιον,
1552 2110 1676 2156 etenira
1696 2099 1798 2157 lauces
1820 2124 1826 2157 ι

201 2199 284 2256 sinus
297 2198 410 2255 Persici
423 2212 452 2255 et
464 2198 596 2273 Erythrae
610 2196 688 2269 regis
701 2195 837 2271 sepulcro
852 2212 987 2250 unacum
1036 2192 1107 2271 Λίχα
1125 2192 1209 2273 θήρα,
1229 2191 1365 2253 Πυθολάου
1390 2192 1562 2272 ἀκρωτήριον,
1581 2192 1690 2259 Λέοντος
1713 2197 1828 2269 oxonii,

200 2292 365 2349 Onesicrito
386 2305 486 2349 testem
501 2292 585 2348 allert
596 2289 701 2346 Strabo
713 2310 743 2365 p.
762 2290 831 2360 766,
844 2302 872 2345 et
884 2288 921 2345 de
932 2288 990 2345 alia
1037 2288 1208 2367 Πυθαγγέλου
1223 2286 1314 2365 λιμήν,
1327 2302 1355 2347 et
1367 2288 1521 2361 Πυθολάου,
1541 2287 1662 2363 Λέοντος,
1680 2290 1828 2366 Πυθαγγέ-

203 2407 234 2443 re
247 2388 442 2445 Philostratus
459 2389 490 2444 in
506 2386 565 2443 Vit.
582 2386 679 2462 Apoll.
697 2384 751 2453 ΙΙΙ,
765 2384 813 2458 53,
832 2385 883 2460 qui
902 2385 988 2441 etiam
1036 2387 1090 2457 λου,
1113 2386 1280 2463 Χαριμόρτου
1300 2386 1396 2455 στῆλαι
1410 2384 1455 2441 καὶ
1470 2384 1563 2463 βωμοί.
1584 2384 1731 2441 Praeterea
1745 2386 1828 2461 apud

202 2503 267 2560 quae
286 2483 424 2561 deinceps
444 2484 582 2557 leguntur
608 2504 633 2541 c.
660 2482 696 2547 52.
721 2500 766 2557 sq.
786 2480 822 2537 de
837 2480 990 2537 Gedrosiae
1034 2483 1224 2541 Ptolemaeum
1239 2494 1436 2539 memorantur
1453 2479 1707 2559 εΔιογένουςάκρον,
1722 2480 1831 2539 ’tirrici-

202 2601 256 2639 0ra
269 2600 306 2639 ex
319 2581 420 2639 eodem
445 2581 523 2637 tonte
537 2579 668 2635 hausisse
681 2577 826 2655 putandus
839 2591 892 2651 est,
916 2596 988 2652 pree·
1034 2602 1083 2657 ppo
1095 2577 1192 2649 σωλήν,
1213 2576 1356 2652 ’Λγαθῶνος
1370 2580 1461 2649 νῆσος,
1474 2574 1601 2655 Μύρωνος
1611 2580 1703 2647 νῆσος,
1718 2579 1830 2637 Διοδώ-

202 2678 301 2735 sertim
316 2696 405 2752 quum
429 2677 507 2733 inter
526 2676 588 2731 haec
607 2675 692 2732 etiam
707 2674 744 2730 dc
760 2673 989 2749 lclrthyophagis
1036 2698 1081 2755 ρου
1096 2680 1183 2747 νῆσος,
1199 2675 1229 2731 in
1242 2673 1357 2733 Arabiae
1377 2694 1426 2731 ora
1442 2672 1587 2733 Συσίιςπου
1598 2672 1679 2749 λιμήν
1698 2686 1727 2730 et
1739 2673 1831 2748 juxta

203 2790 309 2845 pecora
331 2772 411 2845 pisce
432 2768 578 2825 alentibus
596 2787 691 2825 sermo
716 2768 770 2839 sit,
793 2768 870 2843 quod
892 2767 989 2843 ipsum
1037 2790 1098 2829 eam
1120 2770 1282 2847 Τιμαγένους
1300 2774 1387 2840 νῆσος,
1409 2768 1566 2847 Σωκράτους
1585 2774 1674 2841 νῆσος,
1690 2782 1719 2825 et
1740 2783 1831 2827 extra

203 2867 319 2926 laudato
340 2866 502 2941 Orthagora
523 2864 613 2922 refert
628 2863 757 2920 AElittntls
775 2863 793 2919 l.
817 2862 835 2921 l.
851 2862 903 2919 llis
917 2862 991 2920 adde
1037 2869 1184 2944 angustias
1204 2864 1387 2942 Ἀγαθοκλέους
1406 2868 1480 2936 νῆσοι
1502 2863 1555 2922 δύο.
1575 2864 1709 2941 Denique
1725 2864 1830 2924 Plinio

203 2967 350 3020 Philonem
369 2962 412 3020 τὸν
437 2960 625 3040 συγγράψαντα
640 2959 682 3016 τὸν
704 2961 740 3024 εἷς
758 2958 895 3016 Αἰθιοπίαν
908 2961 989 3016 πλοῦν
1037 2978 1107 3022 teste
1129 2964 1199 3040 (Vl,
1216 2965 1282 3040 34),
1311 2985 1331 3020 a
1346 2983 1443 3038 trgum
1458 2961 1604 3038 preescctis
1627 2965 1714 3018 dietoe
1740 2967 1830 3018 illarii

204 3061 326 3132 (Su-abo
340 3081 369 3137 p·
393 3061 450 3136 77>
469 3060 532 3116 Sile
548 3055 691 3116 Alffi‘mll‘l‘
707 3058 715 3131 l
731 3056 869 3129 Assllssffll·
886 3055 990 3114 Illirab·
1036 3062 1047 3137 (
1062 3081 1086 3120 s.
1107 3065 1226 3136 Mareu)
1251 3066 1351 3117 insuloe
1364 3081 1478 3134 aqrroroe
1497 3056 1672 3115 et'Eratonos
1692 3061 1832 3132 (Eronos

205 3176 229 3213 c.
258 3156 311 3223 145
334 3154 380 3213 ed.
410 3154 647 3226 Westerm.).-
668 3150 735 3228 lpse
764 3151 991 3225 Agatharchides
1037 3179 1064 3212 v.
1078 3158 1257 3232 hinnientes
1274 3155 1352 3236 tw).
1374 3157 1439 3213 Non
1460 3155 1614 3213 omittendi
1631 3155 1831 3234 deniquequi

204 3252 221 3326 S
237 3259 272 3316 ti
285 3271 316 3328 p.
339 3250 393 3307 155
419 3249 456 3306 de
476 3263 554 3306 certa
567 3248 691 3326 quadam
706 3246 990 3325 lclrthyophagorum
1037 3264 1154 3310 terreno
1166 3253 1272 3310 itinere
1287 3252 1460 3330 AEtlriopiam
1476 3254 1676 3332 explorarunt,
1689 3255 1831 3330 explora·

204 3358 289 3420 gente
308 3346 404 3403 laudat
424 3347 571 3402 Simmiam
596 3365 613 3402 a
636 3345 794 3402 Ptolemaeo
810 3342 851 3399 lll
870 3343 991 3400 missum
1038 3362 1153 3425 tamque
1164 3349 1391 3426 descripserunt,
1406 3353 1518 3420 Dalion,
1536 3356 1717 3416 Aristocreon,
1738 3356 1826 3418 Bion,

205 3442 240 3499 ad
255 3441 450 3520 explorandos
471 3443 598 3519 populos
613 3441 776 3498 maritimos
795 3452 877 3496 extra
895 3440 992 3496 fauces
1038 3446 1151 3516 Basilis,
1163 3448 1320 3501 Simonides
1334 3453 1432 3512 ruinor,
1451 3464 1525 3520 quos
1539 3446 1595 3503 hoc
1605 3446 1710 3502 ordine
1726 3465 1831 3504 recen·
1882 3501 1883 3508 κ

206 3540 288 3595 sinus
304 3538 432 3594 Arabici.
445 3538 502 3594 Alii
516 3550 713 3593 memorantur
722 3535 810 3592 duces
820 3534 991 3591 Ptolemaeo·
1039 3552 1081 3596 set
1106 3539 1240 3612 Plinius,
1257 3557 1440 3615 quorumque
1460 3539 1574 3616 priores
1598 3554 1674 3598 certe
1687 3553 1832 3616 quattuor

206 3653 289 3703 rum,
314 3635 455 3708 quinum
476 3634 562 3689 etiam
587 3630 681 3688 libros
696 3630 733 3687 de
756 3629 993 3706 expeditionibus
1039 3633 1248 3708 Agatharrhide
1264 3633 1444 3709 antiquiores
1459 3646 1549 3690 erant.
1570 3633 1642 3691 Num
1664 3653 1829 3692 accensen-

208 3731 269 3788 suis
277 3731 306 3786 in
319 3727 469 3805 publicum
482 3727 640 3797 ediderint,
651 3727 727 3784 haud
738 3727 841 3802 liquet.
855 3727 888 3784 ln
898 3745 995 3784 excer·
1038 3727 1093 3785 dus
1108 3729 1145 3784 iis
1155 3729 1192 3786 sit
1208 3733 1393 3800 Damocritus,
1413 3730 1571 3788 λίθιοσικῶν
1583 3743 1695 3800 auctor,
1708 3732 1834 3790 incertae

238 3945 269 4004 (Ἴ
283 3945 399 3992 susionis
409 3944 481 3992 statio
491 3947 591 3992 vocatur
603 3955 650 3992 una
662 3957 692 3991 ex
705 3943 741 4002 iis,
754 3957 808 4004 oriar
817 3946 886 3992 erant
895 3945 920 3990 in
934 3943 997 3990 risa
1011 3943 1089 4004 copto
1098 3941 1128 3988 ad
1145 3942 1274 3991 Berenicen
1286 3956 1300 3991 a
1316 3944 1378 3992 Ptol.
1393 3947 1422 4004 ΙΙ,
1438 3943 1520 3994 ducta.
1536 3945 1566 3992 V.
1581 3942 1640 3991 Tab.
1653 3945 1725 4007 peut.

238 4016 284 4076 (”)
295 4018 348 4064 riou
359 4013 512 4064 scribendum
526 4028 577 4064 esse
586 4028 625 4076 ap.
638 4014 718 4063 strab.
731 4027 754 4076 p.
768 4018 814 4063 770
828 4017 911 4062 contra
926 4011 1036 4062 codicum
1050 4011 1217 4062 auctoritatem
1228 4012 1343 4076 φροθριον,
1356 4016 1480 4077 Τοσούχον
1496 4015 1541 4076 (τὸ
1556 4015 1648 4075 Σούχου
1661 4013 1733 4062 codd.
1748 4017 1833 4077 λῑδρυ-

206 4102 249 4150 μοι,
261 4088 288 4133 ut
299 4084 408 4147 coraynt
418 4088 576 4135 etcramerus
589 4086 705 4144 lecerunt,
719 4085 794 4146 liquet
803 4099 832 4132 ex
846 4085 927 4133 Plinio.
1880 4131 1881 4150 γ

238 4157 295 4216 tm)
310 4155 380 4217 Apud
395 4155 457 4205 Ptol.
468 4159 510 4216 lv,
524 4161 548 4215 7,
561 4156 631 4206 salia
641 4157 665 4204 in
679 4156 774 4216 regione
784 4157 931 4204 memoratur
945 4153 1065 4215 Δήμητρος
1081 4157 1180 4208 σκοπιᾶς
1193 4154 1278 4216 ispum
1295 4153 1335 4202 uhi
1348 4154 1475 4214 legendum
1488 4157 1547 4216 pulo
1563 4173 1569 4202 r
1581 4154 1714 4215 Δημητρίου
1726 4157 1833 4213 nonii,
1880 4167 1881 4189 ν

205 4225 286 4290 θαρον.
302 4225 391 4276 Eadem
408 4226 506 4274 nomina
517 4225 541 4274 in
550 4225 650 4275 dirersis
665 4239 716 4274 orae
730 4227 788 4274 iocis
798 4224 921 4274 interdurn
935 4223 1050 4283 τυθυυιιῑς
1065 4237 1143 4285 neque
1159 4229 1196 4274 est
1207 4238 1250 4272 cur
1263 4227 1305 4272 aul
1314 4227 1471 4276 Ptolemaeum
1484 4233 1528 4274 sut
1540 4225 1721 4274 Artemidorum
1736 4239 1835 4276 errasse

206 4301 326 4358 putemus
336 4327 367 4340 -
379 4299 454 4345 Porro
466 4310 510 4357 pro
522 4297 603 4358 βυρθς
612 4296 716 4360 Ἔρωτος
726 4309 765 4356 ap.
782 4296 881 4344 Ptolem.
895 4295 912 4343 Ι,
926 4295 942 4342 Ι.
955 4293 1109 4355 probabiliter
1121 4293 1166 4342 tuit
1178 4295 1258 4358 βωμὸς
1270 4295 1408 4356 Ἐράτωνος,
1420 4309 1496 4356 quum
1506 4295 1596 4344 insulas
1610 4295 1741 4345 britonice
1752 4297 1834 4346 Plinio

206 4368 354 4416 noverimus.
369 4366 483 4414 similiter
495 4366 641 4426 Droysenius
654 4367 803 4414 vellentem.
820 4366 851 4426 u,
864 4378 887 4426 p.
899 4368 945 4413 743
958 4377 1001 4424 pro
1012 4365 1121 4426 Σατύρων
1129 4364 1181 4425 ipse
1191 4377 1229 4427 ap.
1244 4365 1305 4414 Ptol.
1317 4365 1332 4414 Ι.
1345 4366 1360 4416 Ι.
1373 4366 1418 4425 leg.
1430 4365 1566 4427 suspicatur
1576 4367 1679 4428 Σατύρου
1698 4366 1761 4428 θρος,
1780 4371 1834 4415 Du·

210 4435 280 4483 bitari
294 4438 366 4485 etiam
377 4438 451 4498 possit
462 4449 493 4484 an
505 4438 570 4485 recle
585 4435 689 4485 habeant
698 4437 792 4492 Ἀθηνᾶς
802 4441 873 4493 νῆσος
884 4439 908 4484 et
915 4436 984 4494 λιμὴν
994 4434 1133 4495 εὐαγγέλιον.
1879 4481 1880 4484 ,

239 4505 312 4564 (Μ’)
324 4506 529 4555 Eratonisnomen
542 4505 616 4553 hahes
627 4506 651 4553 in
660 4507 688 4554 c.
703 4509 776 4554 tnser.
790 4509 809 4554 t.
824 4508 869 4565 iil,
880 4517 904 4566 p.
916 4509 962 4553 itit
971 4507 999 4555 tt.
1010 4510 1068 4555 tuot
1082 4506 1105 4555 in
1118 4506 1275 4567 titulotempli
1287 4504 1407 4555 Philarum
1419 4506 1462 4555 ins.
1476 4523 1481 4554 r
1495 4507 1662 4556 EPATssNOS
1670 4506 1740 4569 [ΤΟΥ
1753 4509 1835 4569 2th-
1879 4511 1880 4522 ¹

209 4574 365 4637 timorit...
376 4571 602 4636 ΠΡΟΣΚΥΝΗΜΑ]
614 4577 639 4623 et
648 4577 678 4623 tt.
693 4578 754 4624 ⁴902
764 4575 788 4622 in
799 4575 871 4623 titulo
880 4575 974 4634 mutilo,
988 4575 1058 4635 cujus
1071 4576 1165 4626 initium
1179 4596 1185 4625 ι
1201 4579 1392 4627 petronus...
1408 4579 1466 4627 rili·
1493 4579 1520 4626 θ.
1534 4580 1603 4626 lb...

379 4673 384 4680 ·
1229 4648 1328 4696 hllAPV
1334 4681 1440 4696 ...........
1445 4648 1497 4696 ΚΑΙ
1500 4681 1577 4696 ........

210 4734 221 4758 ν
240 4711 311 4762 tuitio
324 4725 407 4761 versus
423 4714 533 4763 edixeris
544 4713 643 4777 quidem
656 4714 728 4764 tuisse
737 4715 865 4778 θηθάρχου
873 4717 917 4763 aut
927 4711 1068 4776 στρατηγοῦ,
1081 4715 1122 4763 sed
1135 4716 1211 4764 multo
1225 4717 1370 4778 probabilius
1380 4724 1417 4766 est
1428 4718 1499 4766 tuisse
1516 4715 1675 4779 xxpxmxt,
1686 4729 1708 4764 e.
1724 4729 1745 4764 c.
1760 4717 1834 4780 ἁρχι-
1878 4741 1879 4774 1

210 4785 322 4844 κυιήγου,
333 4783 516 4844 θρχιρυλοικίτου
526 4789 573 4834 etc.
586 4803 597 4827 ι
609 4788 705 4834 Firuz.
721 4786 845 4834 nouom
854 4785 931 4834 subsit
941 4787 1067 4846 protectus
1081 4787 1123 4848 qui
1135 4785 1198 4848 apud
1210 4786 1312 4836 Plinium
1329 4791 1371 4849 vt,
1390 4787 1453 4849 ολδ
1469 4791 1511 4836 tus
1520 4800 1577 4836 cum
1590 4791 1696 4836 Eratone
1708 4799 1835 4836 memori·
1878 4785 1879 4855 l

211 4857 262 4913 tur,
275 4856 301 4900 et
312 4864 387 4912 aquo
400 4851 471 4899 dicta
483 4853 566 4902 insula
579 4857 657 4903 Moru
669 4855 705 4904 rel
718 4858 828 4912 ituree,-
838 4855 919 4917 Μαρία
926 4861 997 4912 νῆσος
1009 4867 1047 4916 ap.
1062 4855 1169 4916 Diodor.;
1180 4869 1224 4904 nec
1238 4856 1339 4916 aliaest,
1351 4857 1446 4919 opinor,
1461 4857 1574 4920 Μύρωνος
1586 4862 1656 4914 νῆσος
1668 4869 1706 4918 ap.
1725 4859 1791 4906 Ptol.
1805 4889 1836 4900 -

209 4924 329 4970 Proteree
340 4920 415 4968 trabes
429 4923 581 4984 Διοσκορὶδοο
592 4925 685 4984 νῆσον(
699 4923 755 4973 hod.
770 4927 876 4974 socotro
887 4925 928 4985 )et
937 4927 1051 4982 Ζηνοὸίου
1062 4927 1151 4976 insulas
1162 4931 1254 4990 septem
1263 4931 1272 4990 (
1281 4931 1471 4980 ituria-Murio
1484 4930 1581 4991 hodie),
1592 4943 1652 4993 quas
1664 4930 1720 4979 item
1737 4943 1751 4976 a
1763 4934 1834 4980 Girr-

210 4992 245 5040 eis
265 5003 353 5039 nomen
369 4992 453 5038 nactas
472 5002 523 5038 esse
547 4994 632 5052 putare
643 4995 727 5055 possis.
742 4996 773 5043 xt
788 4994 841 5042 hac
852 4994 951 5042 nomina
962 4996 1017 5044 heta
1026 4997 1105 5058 potius
1122 4997 1151 5044 ad
1172 5000 1275 5048 aliorum
1295 5000 1485 5050 similitudinem.
1498 5002 1557 5048 Nam
1574 5000 1730 5062 Διοσκορὶδου
1748 5006 1834 5050 ortum

212 5073 242 5108 ex
252 5060 442 5119 ritu-sommo,
455 5060 470 5107 i.
484 5071 506 5108 e.
525 5060 603 5109 insula
613 5063 681 5112 beata
694 5064 703 5122 (
718 5065 851 5126 εὐδαίμονες
863 5069 931 5122 νῆσοι
953 5064 1039 5126 Agath.
1055 5065 1069 5128 §
1085 5075 1126 5116 ros
1138 5069 1162 5129 >3
1181 5071 1295 5122 Ζηνοθίον
1314 5074 1396 5120 autem
1413 5071 1496 5120 inertiae
1516 5083 1564 5120 nor.
1580 5071 1709 5120 azenobio
1721 5073 1834 5132 qumiam

212 5131 293 5190 dictio,
308 5131 349 5179 sed
362 5130 393 5178 ah
411 5129 496 5179 incolis
510 5142 594 5178 earum
606 5132 713 5192 Dienohi
727 5134 852 5182 trabibus.
864 5133 981 5183 similiter
996 5137 1009 5182 θ
1025 5138 1168 5198 Peperisse:
1181 5142 1203 5188 cl
1218 5142 1231 5187 ὁ
1245 5141 1351 5195 Νίκωνος
1363 5142 1446 5204 δρόμος
1456 5146 1480 5190 in
1496 5155 1546 5190 orn·
1566 5142 1663 5190 Azanio
1677 5142 1768 5191 luerint
1782 5155 1834 5191 ara·

212 5199 266 5248 hira
281 5199 376 5248 uomina
391 5199 414 5248 iu
427 5211 504 5260 gircea
516 5199 610 5250 detorta
621 5204 667 5262 (v.
679 5209 728 5252 υυι.
737 5203 776 5252 ad.
790 5217 840 5264 per.
851 5217 884 5252 m.
896 5207 933 5253 Er.
951 5218 975 5265 p.
990 5209 1052 5266 νῦν).
