3775 5750
78 309 204 386 (2-4.)
373 310 548 372 DIONYSll
570 311 851 378 CALLIPIIONTIS
873 317 969 380 FILII
990 319 1220 384 DESCRIPTIO
1241 324 1418 388 GRAECIAE.
1650 343 1707 396 rto

140 441 291 520 ὁλοσχερῶς
305 439 445 500 ἐπὶτοῦτο
454 441 513 508 δοίις
522 441 568 500 καί
579 443 729 513 σπουδάσας
922 469 978 512 toto
987 462 1076 514 enimn
1088 460 1187 516 dedens
1200 465 1241 516 his
1254 465 1415 537 studensque

141 527 391 607 συμφιλομάθησῦν,
406 529 525 610 καθάπερ
538 530 631 597 stuta<
644 541 738 592 ποιεῖν.
922 567 1027 602 meeum
1042 551 1105 604 velis
1118 552 1229 618 discere,
1240 557 1279 606 uti
1292 555 1376 608 lacere
1388 556 1465 608 soles.

185 617 240 686 Τῆς
251 614 379 682 Ἑλλάδος
393 614 463 674 ίῦῐθν
475 615 623 698 Ἇμὸραλία
633 619 725 700 πρώτη
735 620 819 689 πόλις·
956 640 1064 692 Graeciae
1080 641 1166 710 prime
1176 640 1241 694 urbs
1250 642 1391 697 Ambracio
1401 654 1450 697 cst.

94 719 126 760 ss
144 699 221 773 Αὕτη
236 702 259 760 δ’
274 701 380 760 ἀποικία
392 701 496 781 λέγεται
511 704 655 784 Κορινθίων
921 725 983 776 Haec
995 725 1097 777 0010012
1110 723 1208 778 dicitur
1221 725 1422 782 corinthiorum

139 781 220 848 εἶναι.
234 789 311 850 Κατὰ
324 788 369 849 τὸν
382 789 479 850 κόλπον
494 790 521 850 ll
535 791 579 851 τδν
592 793 754 871 καλοιίμινον
920 829 984 864 552,
1001 811 1043 865 Ad
1053 813 1140 865 sinum
1152 831 1232 884 quem
1247 826 1342 869 vocant

139 876 319 958 Ἀμόρακικδν
330 877 441 958 ᾤκισται
453 877 536 954 μίση,
550 881 670 950 σταδίους
682 886 706 941 δ’
718 882 773 964 ίχεῑ
920 898 1091 952 Ambracium
1105 898 1213 952 condite
1224 910 1263 952 est
1273 900 1407 968 medinm,
1419 902 1503 957 stedia

140 965 196 1025 ἀπὸ
210 970 255 1036 τῆς
270 965 399 1036 θαλάττης
412 967 572 1044 θγδοήκοντ’.
586 969 708 1050 ίπιφανίς
722 973 745 1028 δ’
919 1001 934 1036 ιι
949 985 1015 1037 mari
1024 983 1123 1037 distans
1132 987 1274 1054 octoginta.
1284 987 1393 1040 Celebre

139 1051 213 1130 ἱερὸν
224 1052 331 1125 Ἀθηνᾶς
341 1055 393 1112 ἕατ’
409 1055 435 1112 όν
450 1056 518 1135 αιίτῇ
530 1055 576 1114 καί
586 1057 667 1133 λιμήν
919 1072 1044 1124 Minervae
1057 1071 1183 1143 ternplum
1197 1073 1285 1139 hebet,
1296 1094 1327 1128 oc
1339 1087 1445 1146 portum

92 1160 123 1197 ιο
141 1139 271 1206 κλειατάς.
287 1141 415 1201 Καλεῖται
424 1142 561 1219 spuentes
575 1144 651 1224 χώρα
663 1144 685 1204 δ
697 1144 756 1217 όλη.
918 1157 1045 1210 clausum.
1063 1159 1181 1210 Vocatur
1194 1159 1308 1232 Dryopis
1320 1161 1376 1214 hee
1389 1172 1444 1216 tots
1456 1165 1539 1232 regio.

142 1228 180 1288 ‘ll
191 1229 213 1284 δ’
228 1226 323 1295 Ἑλλάς
333 1228 386 1286 άπὸ
393 1232 440 1300 τῆς
450 1228 611 1311 Ἀμθφακίας
625 1222 690 1290 εἶναι
702 1234 773 1292 δοκεῖ
918 1245 1020 1297 Grecis
1031 1257 1118 1298 entem
1131 1246 1194 1300 inde
1202 1247 1236 1300 ob
1246 1249 1387 1303 Ambracia
1398 1250 1502 1306 ridetur
1513 1273 1568 1307 esse

138 1315 259 1390 μάλιστα
271 1314 395 1394 συνεχής·
406 1315 437 1374 εδ
450 1314 533 1396 πίρας
542 1320 622 1389 αὐτῆς
632 1321 654 1378 δ’
670 1321 775 1401 ἔρχεται
918 1334 1032 1385 maxime
1044 1336 1185 1400 contione,
1200 1346 1227 1388 et
1240 1335 1303 1390 hioc
1314 1340 1428 1409 pertinet

141 1402 189 1460 tel
199 1401 243 1461 τδν
254 1403 373 1480 ποταμὸν
384 1403 505 1478 Πηνιιδν,
516 1407 551 1471 ὧς
560 1404 661 1473 Φιλίας
672 1409 778 1488 γράφει,
917 1434 1001 1487 usque
1016 1419 1049 1472 ad
1060 1422 1176 1473 Peneum
1189 1421 1309 1486 llurinm,
1320 1433 1351 1476 ut
1361 1424 1463 1477 Phileas
1475 1427 1576 1492 scribit,

138 1489 200 1568 ὄρος
213 1513 242 1548 τι
253 1489 404 1569 Μαγνήτων
416 1490 533 1566 Ὁμόλην
546 1493 719 1570 κεκλημίνον.
918 1515 1088 1575 montemque
1099 1508 1252 1575 Magnetum
1267 1508 1398 1561 Homolen
1410 1510 1522 1566 dicturo.

91 1597 121 1633 :ss
139 1577 219 1644 Τινὲς
232 1577 259 1636 δί
274 1577 322 1648 τὴν
336 1578 494 1658 Μαγνησίαν
504 1583 550 1652 τῆς
560 1579 688 1650 Ἑλλάδος
915 1590 1041 1644 Nonnulli
1055 1604 1142 1646 temen
1155 1597 1315 1664 Magnesiam
1327 1599 1435 1650 Graeciae
1444 1617 1500 1652 esse

135 1665 258 1744 λέγωσιν
268 1655 350 1739 εἶναι,
360 1666 405 1726 τὸν
417 1666 444 1726 δὲ
455 1667 559 1728 Φιλίαν
569 1671 670 1747 ἀγνοεῖν
915 1688 1017 1746 partem
1026 1678 1128 1743 dicunt,
1140 1691 1168 1732 et
1179 1681 1298 1749 ignorum
1305 1700 1361 1734 esse
1368 1684 1494 1750 Philesm,

135 1753 351 1833 ἀποχωρίσαντα,
368 1759 444 1822 τοῦτο
456 1756 479 1814 δ’
490 1747 556 1815 ι’ίναι
569 1757 702 1838 συμφανίς
915 1764 962 1832 qui
971 1781 1029 1816 erm
1040 1767 1208 1835 superaverit,
1219 1766 1300 1837 idque
1311 1787 1366 1821 esse
1380 1771 1549 1825 menifestum

135 1840 192 1906 τοῖς
203 1841 354 1921 φιλομαθεῖν
369 1842 484 1918 μάλιστα
497 1845 730 1922 φιλοτιμουμένοις.
914 1847 1042 1902 doctrinm
1055 1850 1125 1904 laudi
1136 1853 1251 1906 maxime
1265 1854 1440 1909 studentibus.

135 1927 215 1999 Πλὴν
230 1928 273 1986 ίπί
283 1929 318 1988 εδ
328 1930 408 1988 lorch
421 1931 554 2009 τοῦλόγου
567 1933 747 2014 προδήαομαι.
913 1935 966 1988 Sed
975 1936 1009 1989 sd
1020 1937 1150 2008 reliquum
1162 1941 1291 1993 sermonis
1299 1938 1355 2012 jem
1368 1943 1533 2014 progredior.

91 2037 123 2074 ιο
139 2015 200 2076 ’Art’
213 2015 375 2096 ’λμόρακίας
385 2020 421 2084 είς
434 2019 583 2080 Θετταλίαν
592 2025 671 2101 τριῶν
684 2021 728 2080 ὁδ’
914 2021 958 2076 Ab
969 2024 1108 2078 Ambracio
1117 2027 1144 2079 in
1155 2026 1316 2081 Thessaliam
1327 2031 1409 2083 trium
1420 2032 1462 2083 vis

137 2106 195 2163 ἔσθ’
205 2109 321 2186 ἡμερῶν.
334 2105 413 2185 Ἐχει
423 2105 450 2165 δί
461 2109 580 2186 ποταμὸν
596 2110 734 2188 λεγόμενον
913 2107 1018 2162 dierum
1027 2121 1076 2164 est.
1091 2111 1178 2165 Habet
1187 2111 1230 2166 ills
1243 2113 1353 2168 lluriuru
1367 2133 1448 2186 quem
1457 2128 1552 2168 vocant

134 2193 263 2274 Ἄρατθον
279 2196 314 2262 εἰς
323 2194 454 2253 θάλατταν
467 2195 581 2270 ίξιόντα,
595 2197 641 2256 καί
913 2203 1057 2256 Aratthum
1073 2205 1101 2256 io
1115 2222 1188 2258 mere
1203 2217 1355 2272 exeuntem,
1368 2218 1448 2278 atque

132 2281 194 2360 ὄρος
205 2282 344 2362 πρόσεστιν
358 2282 428 2366 ἱερὸν
441 2285 655 2362 ίιιικεκλημίνον.
914 2307 992 2342 mons
1002 2291 1103 2362 sdy'scet
1118 2293 1415 2363 Ssoercognominetus.

134 2369 258 2428 Σταδίων
271 2371 294 2428 δ’
307 2369 487 2451 θπαράπλοος
496 2370 564 2431 ίστίν
577 2371 669 2431 ίκατδν
681 2370 786 2432 ιίκοσιν.
913 2381 1096 2432 Praetervectio
1105 2391 1144 2432 est
1157 2380 1302 2434 stadiorum
1311 2393 1417 2434 centnm
1430 2383 1533 2452 viginti.

90 2476 120 2516 ts
137 2447 209 2516 Ε’ίτα
224 2455 292 2534 μετά
303 2457 402 2530 ταύτην
416 2459 464 2518 sle'
479 2457 605 2539 Ὀρίοται
618 2458 766 2537 λεγόμινοι·
912 2465 1050 2518 Posthsnc
1060 2465 1156 2518 deinde
1166 2477 1229 2519 sont
1241 2469 1342 2521 Oreste
1353 2486 1421 2538 quos
1429 2467 1538 2532 dicuot;

136 2535 186 2602 εἶτ’
199 2540 355 2624 Ἀμφιλοχία
368 2547 404 2604 δ’·
416 2544 507 2624 Ἄργος
519 2547 619 2606 ἐνταῦθ’
630 2547 686 2606 ἔστι
698 2546 728 2605 τό
912 2562 971 2603 turn
985 2551 1186 2622 Amphilochis;
1198 2556 1283 2623 Argos
1291 2553 1328 2606 ibi
1341 2565 1382 2606 est

137 2631 334 2712 Ἀμφιλοχικόν.
347 2633 424 2706 Μετὰ
435 2637 505 2692 τοῦτ’
517 2634 686 2716 Ἀκαρνᾶνες·
698 2635 788 2703 πόλεις
912 2638 1153 2710 Amphilochicum.
1166 2640 1319 2710 Sequuntur
1331 2643 1497 2704 Anemonem
1508 2639 1587 2692 urbes

135 2710 206 2776 obser
216 2721 238 2777 δ’
249 2720 337 2798 ίχουσι
347 2720 476 2792 πλείονας,
489 2719 534 2779 καί
544 2723 682 2794 Λευκάδα,
912 2724 940 2776 hi
955 2736 1045 2778 tenent
1055 2725 1203 2797 complures
1216 2737 1295 2798 stqrre
1309 2726 1475 2791 bnosdem,

136 2808 183 2885 ἀφ’
193 2797 225 2879 ἧς
234 2808 314 2886 μέγας
328 2809 383 2867 ἐστὶ
394 2808 490 2875 κόλπος
505 2811 540 2877 εἰς
552 2808 658 2887 Ἰσθμὸν
670 2807 765 2891 φέρων,
879 2810 887 2826 “
911 2823 972 2883 post
982 2829 1061 2882 quam
1075 2829 1186 2882 mugnus
1194 2813 1268 2864 sinus
1277 2811 1310 2865 sd
1320 2811 1451 2866 Isthmum
1465 2811 1575 2864 tendens
1588 2823 1643 2877 ναις

89 2916 122 2953 so
140 2897 227 2965 Νῆσοι
242 2896 422 2977 Κεφαλλήνων
435 2898 458 2956 δ’
471 2900 496 2956 ἐν
510 2900 581 2977 αὐτῷ
594 2897 725 2973 κείμεναι·
911 2899 1003 2953 insule
1014 2900 1202 2971 Cephallenum
1216 2900 1250 2953 ud
1258 2918 1321 2953 cum
1329 2902 1385 2953 site
1396 2911 1474 2964 sunt,

133 2983 228 3067 Ἰθάκη
244 2983 354 3043 σταδίων
365 2985 377 3064 [
387 2984 445 3064 ὡς]
461 2984 640 3063 ὀγδοήκοντα,
656 2985 750 3063 στενή,
910 2986 1014 3051 Ithsos,
1026 2986 1159 3055 octoginta
1168 2984 1223 3038 sere
1233 2986 1389 3053 studiorum,
1399 2997 1510 3057 angusta
1520 2986 1572 3051 illst,

70 3208 180 3277 jectum
199 3206 333 3257 Letronno
346 3206 457 3277 probatu
477 3208 516 3261 διδ
537 3209 639 3263 σεαυτὸν
660 3207 703 3279 μίν
724 3208 812 3277 βραχύ,
834 3226 866 3260 eo
912 3210 1005 3261 Descr.
1018 3210 1068 3261 Gr.
1083 3226 1111 3279 p.
1128 3210 1179 3262 318
1196 3208 1307 3278 Ἄραιθον
1324 3210 1437 3279 scripsit,
1448 3207 1546 3261 collutis
1558 3210 1699 3264 lluviornm

72 3288 159 3338 etiarn
174 3284 281 3336 nomine
295 3284 397 3349 vitioso,
412 3285 485 3355 quod
500 3288 543 3357 pls
555 3308 608 3341 non
618 3306 668 3341 suo
682 3288 739 3343 loco
752 3288 866 3358 positum
910 3286 1063 3339 nominibus
1075 3285 1194 3347 Ὓλαιθος
1204 3297 1231 3339 et
1242 3287 1382 3358 Σόραιθος)
1396 3297 1422 3339 et
1443 3285 1548 3339 codices
1563 3288 1699 3341 Strabonis

73 3376 128 3417 est.
152 3364 244 3434 Neque
263 3364 342 3434 βραχὶι
365 3365 401 3417 its
423 3376 453 3417 ut
469 3367 562 3420 volunt
583 3366 636 3419 dici
657 3378 751 3437 potest.
771 3388 782 3415 ι
802 3366 812 3435 ΙΙ
831 3396 867 3407 -
909 3366 972 3428 vu,
989 3382 1017 3435 p.
1034 3364 1102 3429 325,
1121 3364 1168 3417 ubi
1183 3374 1245 3417 sote
1262 3366 1418 3417 Crumerum
1431 3363 1558 3417 edebatur
1571 3366 1697 3436 Ἄραχθος,

73 3460 123 3495 so.
137 3444 199 3495 Post
211 3440 350 3513 όλοιηγερῶς
360 3442 435 3497 editt.
447 3444 550 3499 addunt
561 3446 594 3510 δ’,
607 3463 661 3516 quo
670 3464 736 3517 opus
747 3462 802 3498 non
816 3454 863 3497 est.
909 3443 982 3514 quod
1001 3444 1120 3514 praebent
1133 3442 1289 3497 Ptolemuus
1302 3445 1352 3508 Ill,
1379 3444 1410 3496 ι3
1429 3462 1456 3514 p.
1480 3460 1543 3512 2²7,
1568 3446 1599 3497 13
1619 3448 1696 3513 (var.

77 3526 90 3591 ll
109 3552 148 3562 -
159 3522 203 3574 25.
217 3528 265 3575 τῶν
276 3522 409 3593 Κορινθίων
423 3524 495 3589 cod.;
511 3543 562 3578 ern.
573 3524 647 3578 editt.
660 3527 717 3595 14-
728 3528 772 3578 αθ.
785 3516 866 3576 tatii
909 3523 968 3575 lect.
990 3523 1117 3593 Ἄραχνος,
1133 3522 1246 3592 Ἄραντος
1256 3522 1277 3592 ),
1294 3522 1369 3576 editt.
1389 3522 1468 3575 Plinii
1479 3525 1530 3587 IV,
1552 3540 1585 3589 1,
1607 3525 1699 3577 Livius

72 3600 181 3665 codex3
196 3618 251 3654 non
267 3602 398 3670 θαλάσσης,
413 3603 515 3657 Deinde
527 3604 655 3669 o'codex,
666 3622 790 3657 numeros
800 3620 866 3656 non·
908 3603 1007 3665 XLIII,
1019 3618 1063 3653 sn.
1081 3600 1172 3655 Codes
1183 3600 1275 3671 Polyb.
1288 3602 1377 3666 XXII,
1388 3620 1415 3670 9,
1426 3604 1442 3664 4
1455 3600 1553 3671 Ἄρατος
1565 3602 1603 3670 (l.
1618 3600 1697 3672 'Apur-

75 3762 142 3813 facit
154 3760 245 3831 Scylax
258 3764 273 3828 §
288 3762 331 3823 33,
349 3762 394 3831 qui
411 3779 458 3833 per
471 3771 558 3815 totum
570 3763 642 3816 hunc
652 3763 740 3815 locum
758 3761 864 3815 eosdem
908 3761 1069 3831 Lycophron
1089 3761 1161 3813 Coss.
1177 3763 1265 3829 lopet
1278 3757 1452 3824 Callimachus
1464 3778 1508 3831 ep.
1522 3762 1643 3813 Tzetzem
1662 3762 1696 3815 sd

72 3839 117 3891 vel
131 3838 276 3893 simillimos
287 3838 371 3893 sontes
385 3838 514 3893 adhibuit.
531 3841 541 3909 Η
557 3840 727 3910 -29.11lod
739 3843 865 3893 Minervas
908 3842 973 3910 Lyc.
997 3839 1119 3909 ’λραιθοςς
1141 3841 1233 3893 Livius
1250 3840 1406 3903 XXXVIII,
1431 3840 1458 3892 3.
1483 3840 1611 3893 Anthou.
1634 3842 1698 3909 ΙΙ-

72 3918 169 3971 lanum
182 3916 287 3971 aliunde
306 3936 360 3970 non
379 3929 471 3972 notum
484 3930 532 3973 est.
547 3920 638 3973 Unum
654 3920 782 3991 Apollinis
800 3930 864 3972 tem·
908 3921 952 3983 43.
969 3920 1063 3972 Strubo
1075 3921 1145 3984 VII,
1160 3937 1188 3991 p.
1201 3919 1251 3972 3αὸ
1263 3917 1298 3972 sd
1307 3918 1446 3989 Nicopolin
1458 3936 1514 3971 esse
1524 3918 1590 3972 dicit
1598 3921 1697 3989 τέμενος

72 3998 151 4068 plum
169 4008 297 4049 memoret
315 3997 408 4050 Strabo
423 4000 484 4061 VII,
500 4016 527 4069 p.
546 4000 608 4052 225.
623 4000 745 4053 Ceterum
764 4000 864 4051 Miner·
907 3998 933 4052 lr
945 3999 1156 4071 τῷῦιειριιειρένῳ
1167 4003 1211 4053 τοῦ
1221 4000 1311 4060 ἄλσους
1324 3998 1395 4070 ἱερῷ
1413 3998 1496 4070 λόφῳ
1509 4003 1552 4051 τοῦ
1570 3997 1694 4051 Ἀπόλλω-

72 4095 136 4129 vern
149 4076 280 4141 Corinthi,
291 4076 371 4147 inque
383 4079 583 4131 Corinthiorum
593 4078 718 4143 coloniis,
731 4078 861 4142 Leucade,
907 4098 956 4141 νος.
978 4081 1058 4131 Ηιιιια
1076 4080 1155 4131 etism
1168 4080 1289 4148 Dionysii
1299 4096 1355 4130 esse
1369 4088 1487 4130 montem
1505 4094 1608 4130 sscrnrn
1621 4089 1697 4148 putat

74 4158 230 4221 Anactorio,
252 4156 318 4221 aliis,
339 4156 435 4209 cultum
456 4156 544 4222 luisse,
566 4176 581 4211 e
601 4174 744 4211 numerum
760 4155 864 4209 indiciis
906 4157 1035 4221 Manius,
1047 4155 1206 4224 snilrsguote
1220 4155 1330 4209 Fnhrio.
1345 4154 1457 4223 Quodsi
1472 4164 1521 4218 est,
1536 4164 1696 4207 suetorsen·

72 4236 174 4304 colligit
187 4234 313 4289 Illr'illerns
333 4238 399 4288 Dor.
419 4236 441 4301 I,
460 4253 487 4307 p.
510 4238 573 4307 397.
594 4238 753 4290 Sententiam
775 4246 864 4289 noster
907 4236 1016 4287 tentiam
1029 4235 1157 4305 expressit
1173 4234 1317 4303 perinepte.
1334 4233 1409 4286 Alius
1421 4234 1510 4303 potius
1521 4250 1598 4285 mous
1610 4232 1644 4284 sd
1659 4235 1695 4285 si·

73 4316 149 4367 locus
158 4314 254 4367 firmat.
272 4316 282 4381 41
298 4345 334 4355 -
348 4317 391 4370 3ο.
407 4317 527 4387 Dryopes
537 4319 565 4369 in
579 4316 628 4370 hac
640 4316 713 4387 Epiri
724 4326 797 4387 perte
810 4334 863 4371 me·
905 4314 1016 4366 nistrem
1028 4313 1101 4366 llnvii
1111 4313 1195 4383 ripsm
1202 4313 1269 4363 situs
1280 4310 1463 4380 intelligendus
1473 4322 1523 4376 est,
1532 4310 1604 4364 houd
1613 4310 1695 4365 dubie

73 4403 161 4445 morat
173 4395 251 4445 etiem
263 4393 363 4446 Plinius
373 4394 423 4459 IV,
437 4410 448 4447 1
462 4393 471 4467 (
485 4394 636 4467 Cassiopet',
650 4398 775 4466 Dryopes,
788 4394 859 4457 Sellt',
908 4392 1027 4455 Cronius,
1040 4408 1120 4462 quem
1132 4389 1279 4444 Ambracio
1289 4400 1407 4443 montem
1417 4390 1482 4443 dicit
1493 4390 1593 4444 Plinius
1601 4392 1649 4455 IV,
1666 4393 1692 4463 3,

72 4472 207 4542 Helloprs,
230 4470 358 4543 Molossi)
375 4482 401 4525 et
417 4474 569 4527 Athnnsdes
583 4476 609 4527 in
630 4472 797 4544 λμὸρακιιιοῖς
816 4490 858 4543 sp.
905 4474 974 4525 sicut
986 4472 1100 4541 Κρόνια,
1114 4470 1208 4540 χωρίον
1225 4468 1412 4541 Ἆρδρακιωτῶν
1430 4487 1445 4522 e
1462 4469 1637 4539 Theopompo
1654 4468 1693 4522 sl·

73 4552 205 4603 Antonin.
214 4548 273 4603 Lib.
285 4568 309 4603 c.
321 4554 335 4613 4
351 4549 412 4620 (Fr.
426 4552 494 4606 llist.
505 4554 554 4617 IV,
566 4572 593 4625 p.
604 4554 654 4615 344
664 4553 683 4623 ).
699 4554 709 4621 ll
718 4581 755 4592 —
765 4552 808 4604 31.
822 4554 862 4604 De
906 4552 991 4604 Iertnr
1002 4568 1047 4622 sp.
1061 4550 1151 4621 Steph.
1164 4552 1227 4621 Byr.
1241 4550 1252 4620 ΙΙ
1266 4579 1303 4590 -
1315 4552 1359 4613 44.
1372 4548 1412 4601 CI.
1425 4547 1518 4618 Scylsx
1538 4551 1554 4616 ς
1573 4548 1616 4600 33.
1631 4548 1642 4616 ΙΙ
1657 4578 1694 4590 -

72 4648 102 4681 re
121 4628 157 4681 cl.
177 4627 269 4699 Scylax
284 4632 299 4697 §
319 4628 351 4681 33
365 4640 392 4683 et
409 4630 453 4685 65.
473 4662 510 4674 -
530 4632 574 4685 32.
598 4634 718 4702 συνεχεῖς,
739 4630 768 4684 τὸ
791 4631 862 4701 πέρας
906 4631 951 4694 45.
964 4629 1026 4701 ριτδ
1036 4630 1127 4696 ταύτην
1139 4628 1200 4682 εἰσὶν
1209 4628 1282 4696 ood.;
1292 4646 1343 4683 em.
1357 4626 1489 4681 Meineke.
1500 4628 1568 4679 Dein
1584 4625 1693 4697 Ὀριῖται

73 4708 96 4758 δ’
113 4706 176 4779 αλτῇ
194 4706 249 4778 ἔφχ.
267 4707 351 4760 codex
361 4728 369 4775 ;
389 4726 441 4763 em.
459 4711 580 4763 Vossius.
604 4712 615 4779 11
634 4740 671 4751 -
694 4712 737 4764 33.
762 4708 860 4763 Ilsrsrbr
906 4705 1693 4779 σοιί.;ειιι.(λιειιιιίι.11-46,Ἀρφθιοχοιλργοςδ’ίνταῦθ’

72 4787 135 4840 cod.
153 4788 164 4855 ΙΙ
180 4816 216 4827 -
226 4788 269 4851 34.
279 4786 421 4859 Μαγνητῶν
439 4786 568 4860 ’θρόλλην
585 4788 645 4843 οοό.
659 4792 670 4859 ΙΙ
684 4819 720 4830 -
734 4790 777 4842 38.
790 4788 861 4859 φιλο·
906 4789 1208 4853 commentatione.
1226 4790 1285 4858 ll-
1294 4798 1338 4856 47.
1348 4786 1515 4858 pestutum
1529 4785 1577 4839 λα.
1591 4786 1691 4851 οοιίειις

75 4866 164 4935 pallor
176 4864 249 4931 cod„
269 4884 321 4920 em.
333 4867 463 4921 Meinelre.
478 4868 519 4923 Cl.
537 4870 665 4939 scymnus
684 4886 717 4921 ro
730 4884 737 4920 t
752 4870 804 4929 τοῖς
822 4868 860 4921 θί·
906 4886 959 4922 ern.
972 4870 1054 4921 hicio.
1072 4869 1084 4937 ΙΙ
1095 4898 1133 4911 -
1144 4870 1188 4922 51.
1204 4866 1286 4934 Ἰθάκη
1301 4868 1371 4919 σταδ.
1386 4867 1423 4931 ιε’,
1438 4866 1512 4932 στενή
1523 4865 1621 4928 eodem
1636 4884 1690 4921 em.

72 4946 146 4997 λοοσι
160 4946 317 5017 φιλομαθεῖν.
332 4948 456 5001 Ceterum
468 4964 519 5020 pro
538 4948 676 5017 inelegouti
689 4949 738 5001 isto
751 4947 859 5019 φιλορα·
904 4948 1034 5002 Meinelre.
1050 4949 1091 5001 Cl.
1104 4948 1199 5001 Strabo
1211 4949 1247 5013 X,
1264 4964 1291 5018 p.
1308 4946 1360 5010 455
1379 4964 1386 5000 ι
1399 4946 1488 5009 κόαλος
1498 4944 1579 5019 (deb.
1596 4949 1691 5016 μῆκος)

74 5026 128 5078 θεῖν
155 5026 369 5098 φιλοτιμουμένοις
390 5026 469 5081 fuisse
485 5028 573 5099 potius
595 5027 748 5098 πολυραθεῖν
775 5026 857 5099 φιλοτ.
904 5026 931 5080 δὲ
951 5031 994 5093 τῆς
1013 5025 1109 5095 Ἰθάκης
1124 5026 1237 5088 ἐστίνὼς
1256 5026 1412 5096 ὀγδοήκοντα
1430 5026 1546 5079 σταδίων.
1565 5024 1599 5078 85
1620 5023 1689 5079 stsd.

73 5105 223 5159 lllcinclrius
240 5108 395 5179 suspicatur.
411 5108 422 5177 44
438 5111 527 5170 -4α,
544 5106 571 5159 Ἀ
581 5108 714 5177 ρατθον]
728 5108 765 5160 sic
777 5106 860 5159 codex
904 5106 1095 5177 longitudinem
1111 5125 1145 5159 ex
1161 5106 1331 5161 Artemidoro
1342 5115 1416 5160 ootst
1433 5105 1594 5179 Porphyrius
1610 5106 1688 5159 Amr.

75 5188 151 5249 (non
167 5184 279 5255 Ἄραδον,
296 5188 335 5240 nti
352 5186 416 5240 dicit
434 5186 564 5251 Meirrclre,
583 5188 628 5257 qul
650 5204 711 5239 cum
733 5186 861 5240 Pelrucrio
907 5188 1016 5258 nymph.
1033 5204 1059 5256 p
1083 5190 1141 5249 ιι4.
