3775 5750
72 387 1660 461 “UOWOOWOOOOOOGO0800000000000000000000000000020000000

606 678 1116 783 PROLEGOMENA.

736 932 996 963 a*

692 1116 717 1177 1.
741 1116 791 1177 DE
811 1118 1021 1179 (tentemus.

95 1325 314 1407 Compleaihoc
330 1322 483 1385 volumine
496 1342 597 1384 snmus
615 1322 797 1403 periplomrn
811 1334 840 1381 et
881 1323 964 1383 nulla
992 1324 1070 1383 enim
1097 1327 1207 1405 scripta
1236 1328 1267 1387 in
1291 1348 1351 1388 uno
1366 1342 1476 1391 tantum
1505 1332 1582 1393 libro
1611 1355 1665 1397 ms.

61 1426 242 1503 periegesebn
258 1420 378 1481 libellos
393 1420 446 1497 qui
465 1431 576 1479 atatem
595 1419 724 1477 tulerunt
738 1436 840 1477 omnes
884 1420 1032 1497 leguntur,
1045 1434 1077 1479 ut
1091 1420 1243 1483 iiannonis
1258 1425 1402 1504 periplus,
1420 1428 1537 1487 Arriani
1551 1434 1666 1490 ethno-

60 1533 157 1597 praeter
168 1537 258 1577 unam
268 1514 405 1593 Dionysii
417 1514 592 1593 periegesin,
606 1532 694 1591 quam
708 1512 840 1572 obvete-
882 1516 965 1592 nymi
989 1518 1117 1575 auctoris
1139 1518 1245 1597 peripli
1267 1518 1354 1579 Ponti
1376 1521 1502 1597 Euxini,
1520 1524 1664 1603 Anonymi

60 1610 518 1673 rnmmolemoommentariorum
527 1609 692 1685 insequens
701 1608 840 1666 volumen
881 1613 1014 1691 periplus
1035 1616 1124 1673 maris
1144 1613 1302 1693 Erythraei,
1319 1617 1468 1697 Anonymi
1488 1622 1665 1684 Stadiasmus

61 1711 259 1787 relegavimus.
291 1709 396 1766 Demto
420 1707 511 1783 igitur
545 1704 707 1783 Dionysio,
732 1705 839 1783 reliqui
881 1708 973 1769 maris
995 1708 1103 1787 Magni.
1120 1711 1187 1771 tilia
1208 1725 1322 1773 exstant
1343 1734 1413 1774 sane
1431 1717 1462 1776 in
1483 1716 1599 1779 duobus
1619 1722 1665 1779 vel

60 1819 121 1864 sunt
133 1818 270 1864 auctores
282 1801 431 1861 tredecim.
443 1800 523 1859 inter
534 1820 585 1860 eos
594 1801 725 1879 quinque
735 1818 839 1858 nume·
881 1802 978 1863 tribus
992 1804 1078 1864 libris
1091 1825 1160 1867 mss.
1173 1806 1299 1887 (Paria,
1313 1808 1449 1883 Roman,
1464 1810 1606 1890 Monac),
1616 1816 1666 1875 sed

61 1916 162 1976 rantur,
188 1919 317 1979 quorum
342 1915 379 1957 ne
403 1898 525 1957 nomina
550 1896 670 1975 quidem
699 1896 840 1956 habemus
881 1900 923 1957 ita
936 1899 1201 1979 illiscomparatis,
1216 1915 1250 1960 ut
1264 1904 1353 1965 unius
1371 1906 1435 1963 loco
1449 1906 1576 1967 habendi
1594 1910 1664 1983 sint,

60 2010 216 2075 mmperta3
245 2006 408 2053 ceterorum
446 1992 503 2051 etsi
527 1990 565 2051 de
588 1990 756 2051 nominibus
779 1991 841 2051 tere
880 1997 1019 2074 quoniam
1039 1998 1211 2058 duoeorum
1231 2019 1267 2059 ex
1284 2003 1369 2061 tertio
1383 2003 1521 2084 descripti
1540 2008 1666 2067 auctori·

60 2107 176 2166 constat,
201 2092 283 2151 atde
304 2090 366 2149 vita
382 2108 484 2149 eorum
509 2088 684 2169 scriptisque
694 2103 744 2149 aut
764 2089 838 2147 nihil
880 2104 938 2149 tate
957 2106 1067 2155 carent.
1090 2092 1243 2171 Ejusmodi
1258 2110 1350 2155 sunt:
1372 2096 1501 2175 Scylacis
1514 2102 1663 2179 periplus,

60 2208 174 2266 prorsus
185 2201 238 2247 ant
249 2186 427 2265 paucissima
437 2184 569 2263 quaedam
581 2202 743 2263 parumque
753 2204 838 2242 accu-
880 2186 1042 2245 Dicaearchi
1051 2230 1059 2259 ,
1080 2207 1166 2265 quem
1187 2203 1303 2263 vocant,
1319 2190 1479 2267 fragmenta
1500 2194 1571 2267 duo,
1585 2196 1663 2253 huo·

60 2300 113 2344 rata
128 2298 262 2343 veterum
277 2280 453 2341 testimoniis
466 2281 572 2339 tradita
586 2282 760 2359 accepimus.
772 2280 838 2339 lta·
880 2284 963 2360 nymi
978 2296 1070 2363 poete
1091 2284 1241 2362 (Scymni,
1261 2300 1296 2345 ut
1313 2287 1475 2367 putabant)
1492 2290 1662 2367 periegesis,

60 2400 110 2458 que
131 2393 245 2439 mnmm
265 2398 326 2437 non
345 2377 530 2454 omniaque
551 2376 588 2435 de
609 2388 706 2446 aetate,
726 2375 837 2447 indole,
880 2380 1017 2457 Dionysii
1026 2378 1221 2457 Calliphontis
1233 2381 1288 2439 filii
1298 2381 1457 2461 descriptio
1469 2382 1601 2459 Gracina,
1613 2406 1663 2463 pe·

61 2476 225 2534 auctoritate
245 2470 481 2549 uniuscujusque
502 2470 573 2529 sciri
596 2482 722 2549 queant,
745 2490 781 2528 ex
803 2472 840 2529 iis
879 2472 950 2550 ripli
964 2472 1133 2533 Mareianei.
1148 2470 1365 2535 nuos'codices
1385 2478 1558 2538 auctoritate
1579 2500 1664 2557 pares

61 2570 126 2647 ipsis
135 2591 202 2649 quae
212 2588 301 2627 manu
315 2580 447 2625 tenemus
460 2584 564 2623 eorum
578 2564 696 2643 scriptis
708 2566 839 2624 eruenda
879 2566 1020 2627 habemus
1037 2570 1068 2626 in
1084 2566 1190 2627 isidori
1206 2569 1343 2629 Stathmis
1353 2570 1508 2635 Parthicis.
1520 2574 1662 2654 Complu-

60 2679 129 2724 stmt.
151 2668 196 2725 De
209 2665 257 2723 his
279 2676 375 2721 antem
399 2660 452 2721 vix
466 2674 544 2719 recte
558 2658 756 2739 judicaveris,
779 2661 838 2721 nisi
878 2682 925 2721 res
938 2682 1062 2721 nuntero
1076 2662 1147 2721 libri
1165 2682 1234 2722 mss.
1249 2665 1366 2723 nonnisi
1380 2665 1417 2724 de
1431 2667 1532 2727 Indica
1542 2668 1661 2729 Arriani

61 2763 180 2833 codices,
195 2762 228 2820 in
239 2758 349 2837 quihus
359 2757 507 2836 leguntur,
518 2756 611 2836 probe
620 2758 748 2817 noveris.
761 2757 838 2817 ilinc
879 2758 1003 2817 historia
1022 2772 1051 2817 et
1069 2758 1222 2819 Photianis
1239 2780 1276 2819 ex
1291 2762 1503 2837 Agatharchides
1518 2766 1663 2844 excerptis

60 2859 142 2934 igitur
154 2875 305 2918 sumamus
321 2853 451 2914 initium.
878 2866 985 2932 presto
999 2868 1076 2914 sunt
1091 2854 1206 2925 Quibus
1221 2855 1349 2930 omissis,
1365 2857 1472 2936 reliqui
1486 2872 1618 2920 auctores
1631 2861 1662 2922 in

94 2977 122 3015 a.
137 2953 277 3013 Rationes
287 2951 423 3010 codicum
438 2962 607 3009 nostrorum
629 2949 715 3008 facile
735 2948 837 3028 expli·
878 2949 1014 3008 undecim
1040 2951 1226 3010 continentur
1249 2951 1419 3026 codicibus,
1443 2973 1569 3032 quorum
1596 2975 1662 3016 ecce

59 3048 509 3127 canmr‚quodnumeruseorum
517 3043 837 3123 perexigunsestNon·
878 3045 1062 3106 indiculum:

70 3187 211 3232 tem
245 3187 275 3229 tt.
308 3183 666 3240 ns‚tu-t·.per3mmxn
685 3182 1647 3244 uarnm.poe.etep.;§exurendormnlonmttionarchlntemmennone.

67 3255 87 3296 2
99 3247 275 3296 vaumnntrai.
306 3247 359 3298 tta,
369 3246 434 3290 lit-e.
444 3244 542 3289 chartac
551 3255 603 3290 sec.
613 3246 662 3288 xv.
682 3247 787 3290 mecha
797 3257 846 3302 per.
855 3247 937 3301 utens
947 3243 1039 3298 seriari
1049 3244 1141 3296 tunor.;
1153 3244 1257 3300 tticum
1268 3245 1389 3292 nicencu.
1399 3245 1428 3292 lr.
1438 3248 1448 3290 t
1460 3249 1646 3303 camerinum.

68 3311 277 3360 sumis...
306 3303 1660 3366 nunnusscturtacrecxvtttarctanucr.....rucenniacoumnnyuutmrcntctetsrurrci.ep.

69 3375 274 3420 cmm„
305 3367 655 3420 ett,tn-lot.ctraruc.sac.xv
657 3395 1035 3414 .................
1051 3366 1146 3418 mdor.;
1157 3395 1254 3412 .....
1269 3367 1462 3413 vinearetum

69 3437 214 3482 nontam
229 3457 1255 3478 ..............................................
1270 3429 1464 3476 ulwurmes.

68 3498 263 3556 cium
276 3518 1032 3540 .................................
1051 3491 1130 3538 nou.

68 3685 87 3727 t.
99 3681 292 3739 momenta
311 3680 364 3732 ms,
373 3678 439 3723 tri-⁸⁰.
448 3686 550 3736 pem.
558 3685 610 3722 sec.
620 3678 649 3721 x.
690 3681 766 3722 bnon.
775 3677 1079 3735 memoratissimum
1087 3681 1315 3738 petronniacum
1323 3679 1560 3737 communitum
1569 3683 1659 3728 tianae.

69 3749 87 3790 s.
100 3743 349 3792 usuum...tu
354 3767 662 3794 ..............
686 3739 972 3796 meoparonem.

69 3803 279 3852 armonem
291 3827 660 3849 .................
689 3803 764 3842 tuen.
774 3801 903 3855 penitenti
911 3801 1013 3857 excerpt.

60 3871 88 3912 te.
100 3867 282 3914 mmm...
309 3867 362 3910 tm
367 3890 666 3918 ..............
693 3863 768 3908 anon.
778 3871 827 3918 per.
837 3861 906 3908 Ponti
913 3863 1014 3920 exon-pt.

59 4051 282 4099 tanatum...
312 4049 649 4106 tenta-lamma.
690 4045 1236 4104 trousnttaweapertpturuntsurrut.

621 4169 841 4221 eorunm
853 4173 901 4220 nr
913 4168 1087 4232 nupturus

94 4281 121 4339 3.
136 4281 234 4344 Codex
241 4281 396 4344 Parisinus
405 4281 670 4361 ttlsnpplementi
678 4293 832 4361 postquam
872 4279 1066 4343 vindicarent.
1081 4278 1217 4339 Ceterum
1228 4279 1342 4340 codices
1356 4293 1512 4339 nonerunt
1526 4299 1561 4338 ex
1573 4281 1658 4341 libris

61 4376 87 4434 in
102 4379 222 4457 privatae
234 4378 422 4438 bibliothecae
439 4377 547 4456 pluteis
566 4377 619 4436 diu
632 4378 767 4454 latuerat,
781 4378 834 4436 vix
873 4377 1043 4456 herryanis,
1053 4397 1156 4436 verum
1169 4376 1349 4437 clarissimus
1359 4377 1537 4436 Larinarmn
1550 4399 1587 4435 nn
1603 4377 1659 4438 tto-

60 4486 118 4533 ante
135 4476 260 4536 sedecim
286 4474 392 4536 abhinc
412 4495 506 4537 annos
518 4477 550 4536 in
570 4477 718 4556 publicam
738 4477 832 4535 lucem
874 4495 963 4536 sinuo
977 4495 1014 4534 er
1038 4495 1091 4534 sua
1108 4473 1286 4534 bibliothece
1312 4493 1362 4532 eos
1380 4475 1531 4550 selegerat,
1551 4488 1583 4534 nt
1600 4497 1656 4535 una

61 4585 214 4646 protractus
233 4583 286 4634 est.
303 4571 419 4632 Etenim
444 4593 522 4633 anno
539 4575 611 4647 1837
631 4595 721 4652 quum
736 4575 833 4632 auctio
873 4591 938 4630 cunr
958 4571 1019 4630 illis
1033 4569 1270 4632 divenderentur.

61 4665 248 4727 institueretur
273 4666 421 4727 librorum
454 4667 649 4728 celeberrima
682 4669 766 4728 ducis
788 4669 833 4726 Da
914 4676 941 4735 4.
960 4666 995 4724 ln
1015 4665 1166 4725 historiam
1181 4665 1272 4724 nostri
1286 4662 1354 4722 libri
1373 4665 1440 4722 data
1457 4685 1546 4743 opera
1560 4665 1658 4743 inqui·

60 4762 164 4842 berar,
179 4765 256 4825 inter
267 4765 363 4825 libros
379 4765 459 4845 typis
479 4785 634 4845 expressos
653 4765 834 4824 emicuerunt
875 4761 946 4820 sirit
959 4759 1137 4819 letronnius
1151 4760 1341 4835 (Fr-agniculi
1350 4762 1400 4816 des
1406 4766 1520 4835 poernes
1533 4765 1656 4836 geogra-

61 4878 139 4920 manu
149 4861 250 4940 scripti
264 4861 412 4934 nonnulli,
428 4863 610 4939 antiquitatis
628 4861 758 4938 aerugine
773 4881 833 4919 no-
870 4860 992 4935 pllques
1002 4861 1037 4914 dc
1047 4857 1305 4932 Sep-›nnusdeChr’o
1314 4859 1386 4914 etrlu
1397 4861 1480 4914 Fara
1491 4860 1654 4933 Dicdarque.

60 4951 136 5034 biles,
163 4958 253 5015 codex
277 4956 392 5016 scilicet
412 4955 633 5016 Theodosianus
656 4969 685 5015 et
714 4955 831 5016 Plraedri
872 4960 958 5013 Poris
975 4955 1061 5024 1840,
1082 4975 1111 5032 p.
1128 4955 1161 5011 13
1178 4973 1242 5033 sqq.
1260 4955 1304 5015 cf.
1322 4953 1428 5030 berger
1448 4953 1484 5011 de
1497 4953 1608 5030 Xivrey
1625 4955 1655 5011 in

62 5047 250 5111 fabularumet
261 5065 361 5112 noster
374 5051 616 5131 geographorum.
626 5053 691 5123 Quo
701 5054 830 5130 cognito,
873 5053 956 5130 praei.
980 5051 1016 5109 arl
1035 5050 1152 5110 Phaedri
1165 5049 1224 5110 tati.
1241 5051 1262 5128 l.
1279 5051 1344 5120 Quo
1358 5062 1517 5128 praeennte,
1541 5050 1656 5128 potiora

61 5143 116 5203 steri
127 5166 187 5204 non
201 5148 297 5225 poterit
317 5149 389 5226 quin
404 5147 589 5207 bibliothecae
604 5149 745 5209 Parisinae
758 5169 832 5227 prae·
872 5151 975 5228 paucis
990 5147 1245 5228 comprehendunt.
1256 5149 1388 5226 Scriptus
1400 5167 1462 5207 esse
1474 5145 1564 5204 codex
1577 5145 1656 5204 virle-

62 5237 118 5299 iccti
141 5243 294 5303 thesauros
320 5244 392 5303 istos
422 5246 549 5304 emtione
580 5245 707 5325 puhlicis
730 5246 833 5306 usibus
873 5248 963 5306 turin
977 5247 1104 5320 oriente,
1120 5247 1149 5305 id
1168 5247 1443 5321 enimeneograeris
1462 5241 1654 5320 quibusdam,
